2678 4816
310 372 532 442 onerans
573 356 853 446 rraaunos.
1091 388 1137 452 aa

59 578 132 651 mis,
161 576 316 650 pessimum
346 573 473 631 omnium
500 591 574 631 esec.
617 570 692 632 Nam
713 582 821 632 constat
852 592 907 650 eo,
936 574 1012 650 quod
1041 579 1134 637 ultimi

58 682 161 752 politae
181 696 282 735 versus
301 678 468 746 sententiam
490 677 649 735 contineant
679 678 774 734 tritam
805 696 838 734 ac
859 679 1020 755 trivialem,
1046 702 1134 756 quae·

59 798 115 854 que
137 778 201 836 aliis
222 778 374 852 tragoediis
395 778 527 851 plurimis
558 798 648 852 aeque
676 780 824 836 convenire
853 781 953 852 possit.
997 780 1054 839 llic
1080 805 1135 858 ap-

58 882 137 956 pello
159 879 319 939 hominem:
351 879 435 938 homo
458 882 535 938 enim
556 882 605 953 (pri
626 878 698 937 hanc
720 884 889 938 sernentiam
911 883 1054 942 trivialem
1083 905 1120 944 vo

61 1002 126 1042 care
147 984 247 1058 possit,
269 1003 325 1040 non
348 981 565 1055 comprehendo.
609 980 669 1041 Nec
691 983 791 1040 scitum
813 992 866 1056 est,
888 983 962 1058 qnod
978 985 1046 1043 dicit
1057 984 1136 1044 Hea-

59 1084 149 1160 thius,
171 1081 324 1158 Sophoclis
346 1085 420 1142 forte
440 1085 614 1158 temporibus
634 1084 714 1141 illam
733 1105 789 1142 non
821 1085 890 1143 adeo
913 1088 1009 1144 tritam
1038 1091 1135 1147 trivia-

59 1188 175 1261 lemque
195 1188 286 1244 usam
307 1206 389 1262 esse,
418 1207 451 1244 ac
478 1188 581 1261 nobis,
605 1197 759 1260 postquam
789 1188 818 1244 in
846 1189 1026 1262 proverbium
1047 1211 1136 1263 paene

59 1289 205 1363 evaserit,
243 1288 305 1346 iure
345 1290 502 1362 meritoque
530 1288 673 1347 videatur.
715 1285 771 1348 cui
799 1288 913 1347 videtur
939 1290 1052 1350 tandem
1083 1296 1133 1370 ita,

60 1391 187 1464 exceptis
209 1386 335 1448 Heathio
356 1410 389 1448 ac
408 1389 555 1451 Boirino?
598 1388 687 1448 Po'e'ta
710 1393 829 1465 quisque
853 1395 969 1451 carmini
991 1413 1042 1452 suo
1072 1398 1135 1453 uni-

59 1492 189 1551 versales
209 1510 293 1550 veras
313 1494 467 1552 sententias
487 1494 618 1552 intexens
639 1491 711 1550 nihil
740 1502 838 1567 curat,
869 1504 964 1552 utrum
992 1493 1047 1554 hae
1078 1498 1136 1554 alio

61 1614 177 1668 qrroque
198 1594 227 1650 in
246 1593 309 1651 loco
331 1603 416 1668 atque
434 1595 468 1652 ab
491 1596 549 1653 alio
570 1598 656 1668 poeta
675 1596 733 1652 iam
761 1604 912 1669 usurpatae
941 1598 1017 1672 sint,
1049 1598 1134 1657 modo

58 1697 151 1770 ipsius
171 1697 306 1753 materiae
321 1698 362 1754 ita
384 1698 561 1772 conveniant,
580 1706 615 1754 ut
628 1716 680 1754 suo
702 1716 830 1772 praeque
842 1697 906 1755 loco
922 1698 1048 1772 prolatae
1066 1703 1132 1760 sint.

60 1795 176 1876 Quodsi
194 1799 224 1854 in
246 1798 364 1856 candem
385 1800 553 1857 sententiam
573 1799 672 1873 plures
692 1800 777 1857 simul
794 1803 896 1874 poe'tae
912 1810 942 1858 et
960 1821 1032 1859 uirus
1046 1802 1136 1860 idem-

61 1919 116 1974 que
135 1902 221 1973 poe'ta
242 1900 351 1973 pluries
371 1899 481 1976 incidit,
504 1901 616 1975 culpam
636 1922 693 1960 non
711 1900 766 1960 lert
794 1905 896 1978 polita,
926 1902 978 1961 sed
1008 1925 1065 1962 una
1097 1923 1135 1963 ex
1204 1932 1209 1943 ·

59 2008 140 2075 parte
175 2010 275 2060 natura
310 2005 462 2077 materiae,
506 2022 544 2061 ex
564 2002 653 2060 altera
684 2007 840 2063 sententiae
870 2024 980 2062 summa
1017 2008 1134 2066 veritas.

59 2099 143 2162 Vera
165 2113 261 2161 autem
281 2113 312 2162 et
331 2106 397 2162 trita
419 2106 444 2165 si
466 2107 529 2180 quis
561 2105 724 2181 conhmdit,
758 2109 891 2180 qnoniam
916 2125 984 2165 vera
1015 2106 1135 2166 dilinndi

61 2224 93 2263 ac
113 2205 291 2264 circumferri
310 2206 421 2279 solent,
443 2204 520 2283 huic,
541 2228 661 2279 vereor,
690 2227 726 2266 ne
749 2209 839 2265 omnis
860 2208 964 2266 veritas
985 2208 1134 2267 tritissima

60 2309 97 2365 sit
118 2307 307 2381 appellanda:
334 2310 439 2367 veritas
459 2304 534 2367 ohim
554 2312 623 2368 satis
645 2310 823 2379 disseminari
853 2328 909 2366 non
929 2318 1030 2383 potest.
1076 2308 1135 2368 Sed

61 2410 138 2467 anile
158 2410 364 2484 propemodum
384 2422 449 2488 est,
478 2412 555 2484 quod
576 2411 653 2469 addit
672 2410 824 2485 Boiviuus,
845 2408 917 2468 hauc
937 2412 1038 2483 politae
1069 2430 1135 2470 sen-

61 2512 181 2570 tentiam
201 2512 334 2586 plurimis
354 2513 419 2571 aliis
448 2513 601 2588 tragoediis
630 2534 720 2586 aeque
751 2514 899 2571 convenire
931 2533 1025 2587 posse.
1069 2512 1136 2572 Hoc

62 2622 164 2688 sponte
184 2613 328 2672 refellitur
349 2634 395 2689 eo,
407 2614 492 2689 'qrrod
511 2617 541 2672 in
563 2611 715 2688 Sophoclis
737 2611 849 2688 Oedipo
871 2612 952 2689 Rege
972 2628 1032 2692 es1‚·
1053 2636 1136 2689 prae·

63 2724 141 2775 terea
158 2715 210 2774 uhi
231 2736 291 2774 esse
306 2714 411 2791 possit,
431 2713 571 2775 Boivinus
599 2716 703 2774 rideat.

147 2814 281 2892 Apparet
302 2818 394 2876 omnia
416 2829 579 2894 argumenta
601 2818 755 2876 doctissimi
777 2815 857 2875 Galli
876 2820 983 2892 pariter
1004 2838 1037 2877 ac
1052 2819 1134 2878 nulla

63 2938 136 2994 mse,
156 2938 251 2993 neque
270 2920 448 2994 praeclarum
468 2918 542 2978 hnuc
564 2918 716 2994 Sophoclis
738 2921 884 2996 epilogum
904 2923 941 2979 iis
966 2922 1027 2979 ullo
1049 2921 1135 2989 modo

62 3022 236 3081 labefactari.
281 3020 372 3080 Totus
402 3024 554 3096 praecipue
570 3043 607 3080 ne
628 3023 667 3081 sit
695 3022 881 3097 adulterinus,
918 3033 994 3081 totus
1031 3024 1134 3086 obstat.

62 3122 136 3183 Nam
157 3123 253 3181 demto
275 3120 329 3181 hoc
351 3120 437 3181 Ghorl
459 3123 571 3198 epilogo
592 3121 761 3182 haberemus
784 3127 893 3183 exitum
914 3106 1028 3182 fabulae
1053 3146 1136 3198 pror·

64 3244 113 3285 sus
133 3224 343 3283 intolerabilem
365 3234 394 3283 et
413 3226 444 3282 in
465 3246 520 3298 quo
540 3244 625 3283 nemo
646 3246 702 3284 non
723 3236 849 3300 apertam
875 3226 1003 3283 lacunam
1032 3246 1136 3300 cogno-

64 3336 167 3404 sceret,
186 3327 235 3385 rel
255 3329 366 3401 potius,
388 3336 421 3385 nt
441 3347 505 3385 cum
525 3325 689 3386 Hermanno
710 3328 828 3402 loquar,
858 3327 915 3385 fine
937 3328 1032 3385 sabula
1055 3349 1137 3400 pror·

64 3448 112 3488 sus
134 3436 256 3488 careret.
300 3426 445 3486 Videntur
480 3438 575 3487 autem
604 3427 784 3504 Francogalli
812 3430 971 3503 peculiares
998 3429 1135 3502 quasdam

65 3531 226 3589 simultates
256 3548 320 3586 curn
348 3532 433 3603 polita
460 3539 557 3588 nostro
583 3541 613 3588 ct
645 3550 714 3589 vcro
743 3532 867 3589 maxime
898 3551 960 3588 curn
989 3529 1042 3587 hac
1071 3533 1133 3588 eins

64 3631 212 3709 hegoedia
243 3632 416 3689 exercuisse.
458 3629 569 3690 Relicto
600 3633 675 3690 enim
708 3632 760 3690 illo
788 3631 907 3704 Boiriu,
944 3640 974 3689 et
1013 3631 1136 3705 quodam

65 3730 179 3809 Rapio,
199 3729 333 3808 Vantier,
355 3729 523 3808 Valinconr,
546 3742 673 3808 constat,
703 3753 788 3808 qnam
807 3735 881 3791 mire
901 3735 1028 3806 iniquum
1051 3743 1135 3807 atqrre

65 3835 200 3894 acerbum
221 3832 258 3891 de
277 3834 328 3891 illa
348 3834 482 3893 iudicium
493 3835 715 3909 promulgaverit
729 3832 864 3893 Voltaire
882 3833 1010 3907 [Ocurr.
1033 3832 1069 3892 T.
1085 3832 1135 3905 l].

67 3934 137 4016 Qui,
158 3936 295 3995 solatium
313 3944 374 4009 est,
402 3937 452 3994 rix
479 3956 584 3994 numen
603 3956 678 4012 esse,
700 3936 776 4011 qnod
800 3955 857 3994 non
883 3947 979 4012 satyra
1002 3954 1052 3994 sua
1070 3955 1137 4009 pcr-

66 4040 225 4096 slrinxerit.
269 4034 349 4095 Vide
376 4034 469 4097 Heur.
501 4036 652 4096 Bliimneri
679 4038 784 4111 disput.
812 4037 848 4096 de
877 4034 953 4095 Oed.
975 4035 1048 4112 Tyr.
1081 4033 1135 4094 So-

67 4136 189 4214 phoclis,
210 4136 296 4214 Lips.
321 4144 414 4214 1788,
437 4144 469 4211 4,
492 4141 519 4214 §.
533 4137 606 4197 ΧΠ.
636 4137 789 4196 Boivinnm
808 4149 901 4198 nartem
923 4159 957 4196 eo
970 4126 1063 4212 magis¹
1083 4139 1136 4194 mi-

68 4239 189 4300 randum
214 4248 261 4301 est
289 4243 330 4300 ita
359 4258 392 4302 se
420 4240 523 4301 durum
548 4252 616 4316 erga
646 4236 721 4300 huuc
749 4241 846 4300 locum
876 4238 983 4315 Oedipi
1010 4236 1138 4316 Tyrami

826 4339 849 4404 3
