2678 4816
127 364 190 436 146
493 367 710 431 CAPUT
753 367 826 434 vn.

127 579 193 635 νῃιεε·
206 560 332 621 vicissim
352 571 380 619 et
397 555 564 637 mediamna,
584 581 655 619 neve
674 564 838 621 necessitati
851 561 1044 623 reluctemur:
1066 585 1122 638 quo
1138 565 1206 638 quis

85 662 91 673 '
128 666 277 723 meliorem
298 673 382 738 atque
410 662 613 739 elegantiorem
639 666 788 738 requiret?
817 662 904 741 Quod
925 668 1001 724 enirn
1022 663 1207 725 Hennanuus

128 767 197 825 dicit
218 764 309 827 ¹vulde
335 765 442 839 frigere
472 782 525 838 pro
552 785 625 823 novo
655 767 795 825 sententia
821 767 962 826 adiectum
983 762 1097 845 καὶμὴ
1116 765 1207 851 χρείᾳ

129 867 325 944 πολεμῶμεν,
354 865 430 941 qnod
458 875 553 926 tanim
580 864 654 924 nihil
683 869 721 926 sit
749 869 806 927 nisi
825 887 893 942 pars
913 889 1027 942 eorum,
1059 890 1132 944 qrrae
1152 888 1207 944 per

125 967 179 1029 ἵνα
209 969 340 1029 adiuncta
366 976 479 1040 essent,
519 988 636 1042 vereor,
675 989 710 1028 ne
745 966 799 1029 hoc
832 969 935 1029 idoneo
960 974 1070 1031 ratione
1097 982 1205 1033 carent.

128 1070 229 1133 Verba
248 1071 299 1129 illa
314 1071 341 1129 si
354 1069 392 1127 ad
407 1065 459 1128 ‘c'vor
474 1070 563 1128 relata
580 1091 636 1128 non
650 1071 803 1146 frigebant,
824 1092 881 1131 non
894 1074 986 1148 inagis
997 1094 1072 1132 nrrnc
1086 1074 1207 1150 frigent,

128 1195 217 1250 qurum
237 1171 283 1231 his
304 1181 500 1246 annectuntur,
523 1160 575 1250 ἄγε
592 1193 646 1230 νυν
666 1166 704 1232 cri
722 1193 780 1248 pre3
804 1194 860 1231 non
877 1176 968 1249 magis
981 1175 1096 1250 frigent,
1118 1197 1206 1250 quem

129 1278 173 1350 si,
195 1275 299 1334 deletis
319 1275 467 1334 sententiis
489 1274 553 1332 istis
573 1274 759 1350 intermediis,
781 1276 874 1334 solum
893 1277 1054 1351 legeretur:
1079 1269 1132 1356 ripe
1148 1299 1205 1337 νυν

129 1370 168 1436 σύ
181 1397 230 1454 με,
253 1371 359 1453 καὶμὴ
370 1372 459 1457 χρείᾳ
474 1375 661 1450 πολεμῶμεν.
698 1375 790 1436 Immo
805 1380 869 1451 quis
890 1377 997 1437 dixerit
1014 1380 1126 1452 potius:
1140 1381 1204 1461 fu⁴

70 1526 73 1538 .
129 1482 205 1538 cium
225 1476 292 1552 hoc,
314 1498 388 1536 neoc·
402 1476 495 1539 lucter
515 1497 580 1535 com
599 1480 786 1553 necessitate,
808 1499 910 1553 qrrarn:
930 1480 1055 1559 facicm
1075 1476 1144 1555 lroc,
1166 1503 1205 1541 oe

129 1575 222 1639 esee
242 1600 307 1647 curu
326 1581 504 1638 necessitate.
556 1575 612 1637 Est
633 1582 709 1639 enim
729 1578 801 1639 llaec
819 1592 919 1639 natura
939 1582 983 1639 rei
1004 1590 1080 1658 tam,
1111 1591 1143 1640 nt
1163 1583 1204 1641 ita

129 1680 237 1757 dicam,
267 1680 463 1741 substantialis
493 1700 585 1754 neque
612 1681 663 1739 elii
684 1683 816 1757 cuiquam
836 1682 962 1741 subiecta
981 1685 1138 1759 sententie,
1170 1693 1204 1743 ut

130 1782 207 1842 belle
234 1802 271 1841 ne
297 1783 390 1861 possit
420 1781 536 1856 quidem
565 1782 600 1839 ab
629 1783 685 1841 aliu
713 1783 838 1858 pendere
868 1803 902 1841 ao
929 1784 1096 1843 secundaria
1124 1805 1201 1846 esse.
1254 1812 1259 1819 ·

130 1882 198 1964 Quo
219 1885 312 1943 minru
334 1883 434 1943 eadem
454 1884 541 1942 verbe
562 1881 612 1943 καὶ
632 1878 676 1963 μὴ
699 1886 876 1964 πολεμῶμεν
896 1885 953 1945 dici
967 1896 1086 1962 possunt
1100 1907 1203 1949 eorum

129 2007 196 2063 pers
218 2004 386 2063 esse‚1quae
407 2006 459 2062 per
477 1981 530 2043 ‘c'vor
552 1985 682 2045 adiuncta
702 1997 791 2047 erant.
835 1985 912 2047 Sane
930 1989 996 2047 talis
1011 2009 1078 2064 pars
1093 1999 1202 2064 esseut,

130 2087 158 2156 tl
184 2091 375 2153 coniunctivos
403 2091 433 2148 in
460 2089 602 2164 prioribus
631 2091 837 2164 retineremus,
868 2091 920 2151 sed
944 2091 1022 2151 salso
1050 2102 1202 2153 essentne

128 2197 204 2257 malo
226 2193 334 2254 ordine.
377 2189 477 2267 Nunc,
498 2196 543 2251 uti
560 2212 612 2268 par
633 2202 687 2269 est,
709 2195 872 2268 primariam
890 2196 1115 2253 enunciationem
1136 2193 1202 2255 effi-

129 2301 221 2375 ciunt,
251 2317 370 2372 quocum
399 2294 558 2355 coordinata
587 2304 631 2355 est
650 2295 719 2370 ille,
749 2290 801 2375 ἄγε
830 2317 884 2355 νον
907 2289 944 2355 ori
965 2317 1014 2373 με.
1055 2294 1132 2356 Nam
1151 2294 1201 2355 lic

127 2412 175 2472 est
194 2401 341 2476 legitimus
360 2400 447 2457 totius
469 2398 623 2456 sententiae
644 2397 732 2456 ordor
754 2403 817 2472 ποῖ,
837 2392 881 2476 μὴ
899 2395 987 2481 χρείᾳ
1002 2399 1199 2475 πολεμῶμεν·

130 2498 184 2581 r'e'ye
206 2489 259 2561 οὖν
282 2493 319 2560 ori
340 2520 394 2576 με,
413 2493 458 2557 ‘iv'
483 2491 520 2557 ἂν
533 2530 577 2542 -
590 2493 624 2559 τὸ
645 2495 701 2576 μὲν
721 2494 864 2575 εἴποιμεν,
885 2493 920 2559 τὸ
941 2494 976 2558 d’
1001 2494 1200 2576 ἀκούσαιμεν.

129 2604 217 2685 Quod
238 2606 263 2663 si
283 2605 313 2661 in
334 2600 398 2678 his,
419 2603 461 2659 uti
482 2597 622 2675 Sophocli
641 2601 736 2675 libuit,
758 2603 898 2661 sententie
915 2602 1045 2663 cereolis
1065 2624 1133 2661 cnm
1151 2623 1200 2679 ea,

127 2727 203 2784 quae
224 2704 363 2787 effeceras
384 2705 526 2777 continet,
553 2722 606 2776 per
633 2703 764 2776 copulam
784 2701 834 2762 καὶ
857 2703 1035 2763 coordinatur
1057 2697 1122 2783 [dyc
1143 2722 1200 2763 νον

129 2801 168 2868 cri
189 2828 246 2884 με,
268 2803 334 2864 καὶ
353 2798 398 2881 μὴ
420 2804 628 2880 πολεμῶμενῙ,
657 2803 727 2864 haec
745 2805 883 2879 particula
904 2826 961 2864 non
981 2808 1129 2867 sententiis
1150 2825 1200 2867 eo·

129 2908 262 2986 pulendis
282 2909 417 2983 inservit,
438 2906 489 2965 sed
511 2907 622 2983 verbis,
645 2917 729 2981 atque
750 2907 872 2966 dissolvi
892 2918 987 2982 potest
1008 2929 1060 2983 per
1080 2908 1199 2983 ellipsin

109 3010 288 3089 'quendemr
309 3022 337 3067 et
357 3005 410 3069 loc
429 3006 520 3069 oddo.
567 3006 739 3067 Simillinrus
758 3007 843 3069 liuius
864 3012 977 3086 generis
996 3011 1076 3071 locus
1099 3020 1145 3071 est
1165 3012 1198 3069 iu

128 3113 230 3173 eadem
258 3110 311 3170 hac
331 3111 428 3170 fabula
456 3132 484 3171 v.
503 3116 583 3183 277,
614 3103 711 3190 ῶςπερ
731 3131 770 3188 με
795 3105 1016 3190 κᾶνεστήσαθ’,
1048 3097 1111 3173 eide
1131 3105 1198 3173 σῶ-

127 3235 220 3291 usce,
248 3210 314 3272 καὶ
337 3208 384 3290 μὴ
403 3206 497 3282 θεοὺς
517 3211 661 3288 τιμῶντες
681 3203 745 3272 εἶτα
765 3208 837 3284 roric
857 3208 951 3283 θεοὺς
970 3218 1082 3295 μοῖραν
1099 3219 1198 3275 ποιεῖ’-

126 3319 187 3376 σθε
206 3313 377 3393 μηδαμῶςι
405 3334 524 3389 quorum
553 3316 666 3388 proprie
685 3312 733 3372 hic
753 3314 822 3373 ordo
843 3325 888 3375 est
906 3326 991 3390 atque
1010 3318 1117 3379 series:
1148 3311 1196 3394 μὴ

126 3412 200 3488 τοὺς
219 3410 313 3486 θεοὺς
332 3419 444 3494 μοῖραν
465 3416 600 3473 ποιεῖσθε
620 3413 786 3492 μηδαμῶς·
810 3408 927 3476 σῶσατε
950 3412 988 3493 μ’
1014 3405 1077 3479 οὖν.
1133 3416 1195 3479 Sed

126 3520 233 3594 placuit
261 3519 365 3592 poetae
395 3514 448 3575 has
476 3515 547 3575 dues
577 3519 785 3577 enunciationee
813 3520 917 3577 arctius
945 3522 1127 3596 coniungere.
1141 3542 1197 3596 per

125 3620 292 3696 perticulam
313 3616 381 3690 καὶ,
405 3637 490 3691 quam
510 3618 622 3692 explica
643 3618 720 3678 t'ere:
744 3632 772 3676 et
791 3617 879 3691 oddo,
900 3642 938 3679 soe
956 3619 1027 3680 deos
1045 3622 1195 3697 negligas.

125 3721 225 3797 Atque
246 3721 424 3795 cognoscitur
441 3717 507 3778 hinc
527 3740 621 3793 neque
641 3739 704 3778 eanr
725 3719 927 3785 dubitationem
947 3725 1066 3785 veritate
1086 3724 1195 3783 ficuda-

124 3836 184 3883 tam
205 3843 287 3897 esse,
318 3841 403 3895 qrram
429 3833 540 3895 praeter
558 3818 761 3882 Herruannum-
779 3825 864 3881 etiam
885 3821 1030 3899 Reisigius
1050 3824 1195 3893 hocloco

126 3936 223 3985 contra
254 3925 393 3999 optativus
414 3924 528 3998 attulit,
559 3923 728 3984 contendens
757 3925 901 3984 surculum
926 3925 1097 3987 dissolutum
1123 3947 1193 3989 esse

124 4029 155 4086 in
169 4018 280 4101 καὶμὴ
301 4043 354 4099 pro
373 4020 461 4100 μηδὲ,
481 4025 507 4083 si
528 4018 750 4104 iunganturd'ye
770 4046 825 4085 ννν
845 4018 883 4085 σύ
904 4046 951 4102 με,
973 4026 1024 4087 καὶ
1036 4023 1082 4107 μὴ
1099 4028 1194 4115 χρείᾳ

123 4126 312 4202 πολεμῶμεν.
361 4122 459 4204 Quum
488 4127 563 4185 enim
592 4127 694 4201 copula
722 4127 759 4186 ad
778 4127 864 4186 verba
884 4130 1042 4208 pertineat,
1072 4134 1192 4208 negatio

122 4227 273 4313 adipeam
292 4228 472 4307 contendam,
492 4236 592 4305 sponte
609 4230 738 4309 sequitur
757 4229 856 4292 ambas
876 4230 1030 4304 iniunctae
1049 4252 1114 4298 esse
1136 4233 1192 4299 de·
1211 4258 1218 4266 ¹·
