2678 4816
132 347 157 414 2
526 343 816 408 CAPUTl.

134 535 238 596 clarior
257 546 287 595 et
306 536 398 612 magis
418 536 550 610 proprius
571 546 633 595 esta
669 537 763 595 sciam
780 533 904 610 molum,
926 531 1007 614 quod
1008 578 1020 607 ,
1043 535 1129 614 quale
1148 556 1210 596 nors

133 637 217 698 uobis
236 642 369 696 immittat
389 637 515 712 Iupiter.
568 635 682 696 Deinde
701 658 769 696 vero
791 658 864 711 quae
878 637 922 695 ad
942 657 1026 695 usum
1047 641 1133 696 istum
1154 638 1209 697 du·

132 741 215 816 plicis
240 741 468 816 interrogationis
500 739 710 815 explanandum
728 736 772 797 V.
794 738 834 798 D.
856 740 989 814 exempla
1009 741 1208 814 praemunivit,

134 863 183 918 ea,
212 861 331 917 vercor,
359 862 413 914 nc,
445 844 471 900 si
499 842 662 919 diligentius
682 840 901 916 ponderaveris,
929 861 968 900 ex
993 852 1073 916 parta
1095 839 1151 900 huc
1170 862 1209 901 ne

133 947 292 1020 pertineant
310 942 444 1020 quddam,
467 944 519 1004 sed
540 944 626 1019 paulo
649 943 778 1001 diversae
798 944 915 1000 rationis
936 944 993 1002 sint
1015 953 1044 1001 et
1061 945 1091 1000 in
1113 942 1210 1002 diver·

134 1067 182 1107 sas
202 1058 298 1121 partes
320 1046 516 1106 describenda.
566 1045 640 1105 Nam
667 1047 796 1119 qrramvis
824 1046 920 1103 omnia
947 1044 984 1102 ad
1004 1065 1092 1102 unum
1113 1065 1206 1120 genos

133 1151 292 1224 pertincant
311 1150 361 1223 ita,
382 1159 415 1206 ut
430 1151 542 1207 omniuo
554 1149 804 1222 interrogationem
821 1156 986 1222 proponant,
1009 1167 1081 1220 quac
1098 1146 1208 1220 duplex

134 1261 194 1326 est,
217 1271 340 1324 acquum
357 1261 401 1311 ost
422 1260 516 1310 tamen
536 1250 697 1313 discernere
719 1269 771 1324 ea,
796 1268 916 1323 quorum
938 1247 1050 1307 diversa
1067 1250 1207 1323 principia

133 1362 211 1413 sunt.
263 1351 378 1411 Etenim
405 1352 462 1412 duo
491 1353 624 1412 videntur
644 1371 750 1428 genera
771 1371 870 1409 eorum
890 1350 1019 1408 locorum
1047 1369 1129 1425 esse,
1155 1350 1208 1408 ubi

134 1455 245 1528 duplex
263 1456 448 1530 interrogatio
476 1456 506 1512 in
533 1475 589 1513 una
618 1455 770 1513 verborum
796 1449 1045 1526 comprehensione
1065 1452 1206 1526 iungitur.

133 1555 248 1616 Primis
270 1577 303 1615 aa
326 1555 437 1614 videtur
458 1558 548 1632 ratio,
579 1565 629 1630 ut,
659 1577 747 1630 quum
769 1557 859 1612 omnis
879 1554 1026 1612 ambarum
1047 1555 1207 1629 iuterroga-

132 1660 242 1717 tionum
273 1658 461 1730 discrepantia
490 1658 604 1716 nonnisi
632 1658 663 1714 iu
683 1656 798 1716 vocibus
820 1656 1029 1731 interrogativis
1051 1657 1207 1730 conspicia-

133 1768 191 1835 tur,
212 1768 333 1832 utroque
354 1760 580 1835 interrogationis
600 1760 727 1817 membro
748 1767 893 1832 separato,
915 1767 1068 1832 ratrurnque
1086 1757 1207 1832 plenum

134 1862 173 1921 sit
195 1869 279 1934 atque
300 1860 467 1933 perfectum.
520 1859 593 1919 Nam
614 1881 701 1934 quum
720 1858 766 1918 his
787 1861 891 1934 prioris
912 1862 1026 1935 generis
1047 1861 1207 1936 interroga·

133 1963 257 2021 tionibus
278 1961 338 2020 fere
359 1963 403 2020 vis
425 1962 562 2036 quaedam
582 1982 615 2020 ac
634 1962 744 2036 pondus
766 1963 868 2036 subsit,
889 1981 989 2020 earum
1005 1962 1131 2020 membra
1147 1983 1206 2022 non

131 2064 174 2121 ita
194 2082 258 2120 cunr
278 2061 442 2122 Hermanno
464 2065 656 2139 seiunxerim‚
677 2073 711 2121 ut
730 2063 897 2122 alterutrum
918 2059 1053 2138 quodque
1073 2084 1206 2123 mancum

131 2162 350 2239 inchoatumque
379 2167 426 2225 sit.
479 2162 560 2225 Haec
585 2167 648 2240 ipsa
671 2168 719 2233 ¹vis
746 2167 822 2224 enim
850 2187 882 2224 ac
907 2165 1038 2240 pondus,
1073 2166 1207 2226 simodo

131 2267 246 2342 subest,
275 2266 401 2342 flagitat,
425 2276 475 2343 ut,
507 2267 693 2345 quodcunque
714 2272 892 2344 interroges,
922 2269 1040 2342 plenmn
1060 2270 1098 2328 sit
1119 2278 1206 2345 atque

131 2388 317 2444 expressnm3
345 2369 451 2444 alioqui
478 2371 537 2428 rim
559 2380 645 2429 totam
673 2373 774 2429 amittit
794 2371 988 2446 iuterrogatio.
1041 2367 1093 2447 Si,
1122 2373 1206 2431 verbi

131 2490 229 2546 carrea,
247 2467 437 2530 Homericmn
457 2471 533 2529 illud
553 2469 607 2547 τίς,
630 2464 725 2530 πόθεν
746 2465 827 2545 ibor,
847 2471 923 2547 quod
945 2473 1124 2546 apertissime
1144 2475 1206 2533 vim

131 2573 271 2648 quandam
292 2592 325 2631 ac
345 2583 520 2631 momentum
542 2575 770 2651 interrogationis
791 2594 859 2648 prae
880 2594 913 2651 ae
943 2574 1016 2650 fert,
1047 2577 1090 2633 sic
1111 2575 1204 2635 dissa-

131 2693 195 2733 casz
217 2671 262 2744 τίς
283 2666 326 2733 ὢν
346 2705 390 2719 -
413 2667 509 2742 ,πόθεν
531 2667 570 2751 εἷ,
592 2677 673 2750 prius
695 2676 854 2734 membrum
875 2673 920 2746 τίς
943 2669 984 2735 ὢν
1004 2678 1034 2735 vi
1055 2678 1132 2735 omni
1149 2698 1209 2736 nu*

130 2775 199 2834 dum
220 2784 264 2834 est
285 2785 369 2851 atque
390 2786 451 2836 tota
470 2779 653 2854 interrogatio
673 2796 771 2836 secum
784 2751 851 2851 ipsa
864 2777 1069 2852 quodammodo
1083 2789 1209 2856 pugnat..

128 2874 252 2935 Accedit
272 2875 346 2953 buc,
368 2878 444 2952 quod
467 2879 566 2938 eadem
587 2879 643 2938 duo
664 2880 792 2939 membra
812 2882 1056 2957 interrogationis,
1077 2882 1108 2939 in
1128 2901 1204 2956 quae

128 2981 244 3053 proprie
263 2977 472 3040 distrahendam
499 2979 572 3040 banc
595 2981 738 3057 duplicem
762 2982 1010 3057 interrogationem
1032 2992 1120 3058 puto,
1146 2982 1203 3044 hoc

129 3081 194 3157 ipso
213 3080 298 3139 modo
317 3081 448 3140 distracta
471 3102 504 3141 ac
524 3093 654 3159 separata
673 3085 869 3158 inveniuntur,
899 3094 931 3142 ut
957 3081 1002 3154 τίς
1029 3075 1070 3162 εἷς
1103 3078 1201 3145 πόθεν

129 3174 171 3261 εἷς
193 3193 223 3242 et
244 3183 320 3258 apud
339 3182 459 3243 Latinos
481 3189 545 3263 quic
566 3183 666 3245 dedit?
686 3207 740 3246 eur
761 3183 861 3244 dedit?
884 3185 960 3261 quod
981 3188 1066 3244 etiam
1086 3189 1129 3246 sic
1148 3208 1202 3249 ex·

128 3286 252 3360 primore
272 3285 414 3344 licuisset:
438 3290 515 3364 quis,
536 3309 589 3347 cur
610 3286 715 3347 dedit?
739 3286 777 3345 Et
795 3286 909 3361 quidem
929 3285 1033 3346 borum
1052 3290 1200 3364 exemplo·

128 3407 194 3446 rum
214 3401 266 3446 out
286 3389 312 3446 is
331 3388 395 3446 fons
415 3397 470 3464 est,
492 3399 523 3448 ut
542 3378 592 3448 vel
612 3392 774 3450 curiositate
794 3388 894 3448 ductus
915 3389 962 3447 vel
981 3399 1058 3448 certo
1079 3392 1206 3469 consilio¹

128 3489 176 3548 vel
202 3491 297 3548 nescio
323 3510 408 3564 qnam
435 3491 521 3549 aliam
541 3494 577 3551 ob
596 3513 709 3552 causam
729 3512 817 3549 umun
838 3489 924 3550 dere
944 3492 1040 3569 aliqua
1061 3513 1200 3568 cognosse

103 3609 185 3647 .non
211 3593 281 3650 satis
307 3589 415 3652 habens
443 3594 560 3669 insuper
587 3595 707 3654 alterum
737 3591 805 3668 quid
833 3593 1002 3669 scisdteris,
1030 3602 1063 3650 nt
1090 3596 1121 3651 in
1141 3591 1198 3669 τίς,
1221 3606 1224 3611 “

128 3682 224 3749 πόθεν
245 3686 327 3770 ἴσως
355 3691 385 3753 h.
408 3715 436 3754 e.
457 3693 503 3766 τίς
524 3688 566 3773 εἷς
595 3688 690 3756 πόθεν
711 3685 755 3771 εἷ,
785 3694 888 3768 Eurip.
909 3693 1026 3753 Heracl.
1049 3700 1109 3754 656
1136 3695 1197 3767 [ed.

127 3787 264 3869 Mauh.]‚
287 3788 364 3876 ἀτὰρ
386 3794 432 3872 τί,
450 3790 539 3881 χώρᾳ
559 3794 631 3878 τῇδε
651 3790 830 3872 προςβαλών
849 3789 947 3871 πόδα,
970 3797 1027 3856 ποῦ
1050 3797 1104 3856 νῦν
1125 3790 1211 3858 ‹iue'

128 3912 194 3971 στι,
217 3892 248 3953 h.
271 3916 299 3955 c.
319 3895 350 3955 τί
368 3899 422 3957 νῦν
445 3891 566 3975 ἄπεστι,
596 3899 654 3958 ποῦ
677 3898 731 3956 νῦν
750 3890 875 3976 ἄπεστι,
900 3895 972 3957 Hel.
997 3905 1096 3974 1543,
1120 3899 1196 3979 πῶς,

127 3989 160 4054 ἔκ
187 3992 269 4065 τίνος
296 3993 370 4069 νεώς
391 3993 492 4078 ἥκεις
519 3999 550 4060 h.
573 4021 599 4060 e.
622 3999 687 4070 πῶς
707 3992 808 4078 ἥκετε,
836 3997 868 4059 ἐκ
897 3997 977 4072 τίνος
997 3995 1071 4072 νεὼς
1091 3993 1197 4080 ἥκετε,

125 4091 221 4173 lphig.
244 4095 317 4157 Aul.
341 4104 422 4173 345,
441 4099 507 4161 alra
528 4096 622 4185 πόρον
643 4094 740 4184 εὕρω,
763 4094 876 4179 πόθεν,
899 4104 953 4174 [sic
973 4104 1050 4162 euim
1071 4103 1198 4163 scriben-

127 4196 196 4258 dum
223 4219 288 4259 cum
312 4197 443 4263 Seidlero
473 4223 526 4280 pro
553 4199 662 4276 ποθὲν]
690 4223 728 4266 ex
758 4199 825 4265 τίνα
854 4196 949 4287 πόρον
970 4198 1070 4287 εὕρω,
1098 4198 1198 4267 πόθεν

474 4374 502 4429 1
