2678 4816
468 313 848 385 surranum
1026 376 1046 401 Ἴ
1157 323 1201 388 n

120 508 168 571 hio
187 506 269 570 locus
286 505 452 567 huiusmodi
473 518 536 584 est,
566 515 600 567 ut
619 515 669 566 aut
695 497 843 584 ὖψίπολνς
857 510 1025 585 principem
1045 511 1198 590 significet,

120 623 170 673 snt
190 622 269 671 totns
288 631 345 670 non
366 630 452 670 mnus
471 612 521 668 sit.
563 607 602 667 Et
622 608 750 684 profecto
771 608 828 667 non
848 631 935 669 saurus
956 623 1012 685 est,
1031 618 1199 687 praesertim

120 736 210 790 quum
228 712 298 772 haec
319 712 376 770 duo
398 712 549 784 accedant,
582 713 724 786 primum,
755 712 831 786 quod
852 712 889 770 ad
910 713 1127 773 descrihendrun
1148 718 1200 776 ho·

119 838 188 877 num
208 815 353 874 hominem
373 833 463 888 paene
484 813 639 872 absurdum
660 824 704 873 est
724 812 800 872 illud
817 811 967 894 παρείραν
981 808 1103 892 νόμους,
1128 828 1200 894 tum,
1307 818 1326 843 ·’

120 908 202 997 quod
217 939 276 977 nou
295 927 372 976 recte
400 917 527 992 iungitur
553 914 704 996 παρείρειν
734 913 831 973 δίκαν.
884 914 1003 977 cerum
1033 930 1079 978 est
1104 930 1201 979 autem

121 1023 290 1083 seutentiam
309 1019 367 1078 loci
387 1040 440 1093 pro
462 1014 612 1098 παρείραν
633 1017 797 1077 desiderare
817 1019 876 1076 tale
903 1018 988 1094 quid,
1021 1013 1198 1100 φυλάσσων,

121 1124 265 1205 πληρῶν,
287 1132 372 1195 utque
392 1122 436 1179 sic
453 1119 563 1179 scholia
583 1121 802 1194 interpretantur
822 1140 921 1180 vocem
941 1123 1038 1199 istam,
1059 1125 1125 1199 etsi,
1149 1126 1199 1198 qni

121 1225 177 1288 hoc
197 1225 263 1285 fieri
280 1225 422 1298 potuerit,
453 1243 510 1280 non
531 1220 796 1297 comprehenditur,
826 1223 882 1279 nisi
913 1231 977 1282 curm
1005 1225 1070 1283 loco
1099 1236 1199 1286 nostro

120 1330 185 1406 iqosa
204 1346 321 1403 quoque
342 1327 373 1382 in
393 1327 449 1383 isto
468 1324 606 1383 vocabulo
628 1333 760 1398 cormpta
774 1343 840 1382 esse
854 1344 1013 1385 censemus.
1057 1324 1199 1387 Virorum

122 1431 272 1492 docturum
292 1428 470 1487 conieotrnae
488 1427 554 1485 aliis
574 1428 632 1484 iam
651 1426 825 1499 improbatae
844 1436 923 1484 sumt:
942 1440 1112 1503 >repugnant
1132 1451 1199 1504 par·

122 1536 178 1593 tim
200 1542 311 1606 metro,
340 1531 445 1605 partim
473 1548 526 1603 per
554 1548 587 1586 se
607 1548 665 1586 nou
684 1537 751 1597 sunt
769 1529 942 1601 prohabiles.
985 1527 1063 1589 Mihi
1081 1552 1200 1605 persua·

123 1654 189 1696 mm
208 1643 255 1694 est
273 1632 425 1707 scripsisse
445 1626 618 1705 Sophoclem
639 1626 815 1708 πειραίνων,
837 1651 911 1706 quae
932 1641 978 1691 est
991 1629 1088 1692 Ionica
1107 1629 1215 1695 formu⁸

122 1758 177 1813 pro
197 1731 363 1814 περαίνων,
384 1732 415 1792 h.
437 1752 465 1792 e.
480 1733 653 1810 perficiens,
675 1753 838 1811 exsequens
857 1733 948 1809 leges,
971 1757 1093 1808 proauum
1114 1740 1201 1798 etiam

123 1836 341 1900 scholiastarum
359 1837 609 1910 interpretamenta
629 1845 805 1911 congruunt,
831 1835 963 1911 quinique
983 1847 1060 1897 recte
1080 1860 1201 1913 respon·

124 1940 173 2000 det
200 1937 352 2013 strophicis
381 1931 491 2015 αίθρια
518 1934 579 1994 καί.
631 1933 791 2016 Περαίνειν
819 1937 936 2012 dicitur,
968 1942 1129 2014 quicunque
1157 1942 1202 2001 rei

123 2042 212 2102 finem
230 2030 375 2115 aliquem,
406 2033 518 2118 πέρας,
548 2037 615 2111 dat,
643 2057 697 2096 seu
716 2059 784 2098 vere
805 2039 948 2113 finiendo,
976 2041 1199 2116 sen‘inciendo,

123 2165 176 2204 seu
196 2139 434 2216 obtemperando,
465 2148 495 2199 et
516 2141 558 2198 sic
576 2161 671 2214 porro.
724 2138 802 2201 Hinc
831 2152 968 2201 vocantur
997 2137 1027 2200 oi
1048 2139 1082 2202 τὸ
1105 2141 1199 2224 πέρας
1222 2172 1250 2211 .,-·-,

123 2239 242 2324 ἔχοντες
262 2245 324 2305 τῶν
342 2234 485 2301 ἁπάντων
505 2239 638 2313 δικαίων,
661 2243 710 2316 qui
730 2243 776 2300 ius
797 2253 932 2302 exercent
953 2245 1083 2304 omnihus
1102 2248 1131 2304 in
1152 2267 1199 2306 re·

123 2349 197 2426 hue,
218 2345 274 2405 hoc
292 2354 354 2421 est,
375 2345 479 2403 summi
499 2343 618 2402 iudices.

179 2480 182 2485 ·
209 2446 314 2506 Exstat
340 2456 436 2505 autem
463 2447 575 2520 poitica
602 2445 694 2505 forma
717 2442 877 2520 πειραίνειν
905 2448 992 2506 etiam
1013 2444 1104 2523 Soph.
1127 2447 1201 2511 Tra·

125 2548 202 2611 chin.
218 2553 299 2625 578,
330 2546 380 2607 καί
409 2545 600 2629 πεπείρανται
629 2541 713 2608 τάδε.
764 2547 868 2623 Neque
897 2551 972 2607 enim
992 2553 1131 2610 assentior
1151 2556 1201 2629 iis,

126 2655 177 2730 qui
195 2620 258 2710 i'llio
278 2647 470 2730 πεπείρανται
487 2644 559 2709 τάδε
573 2652 793 2724 interpretantur
808 2653 975 2725 periculum
987 2653 1069 2733 feci.
1114 2653 1202 2734 Quod

125 2775 215 2831 quum
235 2751 306 2811 mihi
327 2753 550 2827 omnitempore
570 2752 818 2828 languidissimum
838 2756 932 2813 visana
952 2765 1012 2829 est,
1033 2766 1094 2814 tum
1116 2759 1203 2817 etiam

125 2857 162 2916 sd
182 2857 352 2916 sententiam
373 2856 431 2913 loci
451 2875 508 2912 non
529 2865 637 2912 tantun
657 2875 716 2913 non
735 2857 848 2931 aptius,
878 2857 929 2914 sed
957 2859 1053 2931 potius
1074 2859 1202 2932 ineptum

125 2968 180 3020 est.
222 2953 427 3036 Πεπείρανπαι
448 2949 521 3016 τάδε
549 2958 786 3041 reformatae,
819 2957 896 3032 quod
924 2957 1061 3019 Deianira
1089 2970 1202 3019 restem

124 3062 229 3121 marim
250 3058 408 3117 donandam
429 3061 566 3134 sangiune
588 3056 721 3119 Centauri
741 3062 874 3118 tinxerat.
916 3057 961 3118 At
981 3058 1034 3119 hac
1054 3062 1084 3120 in
1106 3082 1138 3120 re
1153 3042 1217 3127 πί-ιι

124 3161 170 3227 hil
186 3160 406 3238 periclitandum
420 3162 475 3221 ¹vul
495 3161 702 3237 explorandum
722 3156 832 3237 suerat,
863 3161 916 3221 sed
944 3172 1044 3236 postea
1074 3146 1215 3240 demhmf

125 3266 175 3323 uhi
197 3265 288 3323 vestis
304 3261 427 3323 flemus
448 3262 591 3322 induenda
611 3263 747 3337 traditur,
778 3262 1035 3341 hoo'exploratur,
1065 3262 1205 3325 habeatne

125 3366 205 3443 apud
224 3367 357 3424 marinum
378 3368 437 3423 vim
460 3386 539 3440 eam,
568 3360 653 3440 quam
673 3363 783 3424 Nessus
804 3366 992 3440 praedixerat.
1044 3364 1110 3426 Hoc
1138 3368 1202 3426 loco

124 3478 240 3531 restem
258 3487 315 3526 non
335 3467 422 3526 modo
441 3488 498 3526 non
519 3468 613 3526 induit
633 3466 791 3542 Hercules,
822 3469 873 3527 sed
890 3468 1016 3550 pondmn
1038 3488 1074 3527 ue
1095 3471 1204 3544 accepit

126 3568 318 3651 quidem-per
338 3569 500 3643 famulum„
542 3568 641 3649 erare
670 3591 760 3645 quum
780 3573 915 3648 nonsit,
946 3570 1022 3646 quood
1047 3572 1206 3647 periclitata

125 3666 334 3837 γοῖοαὶεο,
354 3691 445 3746 neque
467 3691 561 3732 sermo
583 3693 647 3731 esse
668 3682 763 3746 potest
783 3672 819 3732 de
837 3674 1054 3748 periclitatione.
1089 3654 1226 3731 Omni-¹

113 3762 120 3775 ⁵
144 3774 147 3779 ’
176 3788 264 3836 “mo
291 3783 399 3850 pugnat
429 3771 687 3849 haectexplicandi
715 3777 788 3834 ratio
817 3797 881 3835 cum
902 3778 1008 3834 eximia
1031 3774 1206 3834 Graecomm

70 3926 72 3949 ,
129 3881 293 3954 pariterque
312 3875 509 3936 Romanorum
530 3876 749 3952 cousuetudine,
771 3898 828 3952 qua
849 3880 906 3953 iis',
937 3897 1010 3952 quae
1030 3884 1206 3948 adamarunt,

70 3954 72 3981 Ι
129 3962 186 4039 uhu
203 3980 298 4057 stylo,
320 3977 373 4037 sed
392 3980 465 4052 ipsis
487 3980 567 4052 qnasi
587 3980 682 4039 verbis
701 3990 836 4054 punctum
852 3988 1028 4057 apqronuutg
1052 3976 1143 4038 Cuius
1163 3985 1207 4032 ta·

70 4156 72 4163 Ι
129 4094 196 4143 meh
218 4079 431 4141 consrretudhris
452 4078 506 4138 hoc
527 4083 673 4154 proprium
703 4092 764 4156 est,
792 4092 842 4158 ut,
874 4059 913 4157 qd
1008 4081 1037 4138 le
1064 4077 1207 4154 quoddam

70 4176 72 4223 j
131 4194 267 4261 mum
284 4178 422 4261 effutihut,
442 4181 624 4261 adsensum,
644 4185 701 4245 nisi
719 4174 976 4261 quodpraectsiru3
997 4180 1208 4251 accinatissime
