2678 4816
403 399 839 491 excursusn
1100 358 1164 469 roa
1255 430 1262 495 χ

83 596 146 649 Vid.
164 599 206 646 lln
224 598 311 660 (lunge
327 598 440 648 Glossar.
457 596 523 646 med·
541 605 568 646 at
583 594 629 644 inf.
647 596 737 645 Graec·
755 608 778 644 a.
790 589 843 643 aot
854 607 907 656 sqq.
918 589 938 622 “
978 593 1096 645 Seidlero
1120 598 1164 646 αεὶ

82 683 162 734 sentit
178 683 340 732 Wessauerus
358 685 391 731 ad
407 684 433 734 lt.
450 686 469 730 1.
503 682 568 730 Item
581 681 764 744 correptionem
779 679 854 728 islam
866 687 967 728 tuantur
983 681 1114 731 Iaoohsius
1131 683 1165 732 ad
1253 730 1257 737 ,

82 768 189 818 Aatlrol.
200 768 229 829 1,
250 768 355 831 pllio,
375 766 488 830 'loupius
506 765 532 814 in
549 766 681 815 Addendis
698 767 731 813 ad
749 767 860 814 'l'lteocm
874 780 901 827 p.
911 763 979 826 402,
1003 765 1173 828 Musgrsvlua·

84 856 116 904 ad
133 853 196 902 Eur.
212 853 269 915 Iph.
286 851 345 899 Aul.
359 852 418 900 124.
453 851 570 900 Moratur
586 865 626 900 me
642 851 742 913 quidem
758 853 826 913 quod
843 840 940 918 ἅμπυξ
954 863 1073 913 nusquam
1087 864 1166 914 prae-

83 949 155 988 terea
171 938 251 1000 prima
268 945 382 999 correpta
404 936 537 985 invenitur.
579 937 675 985 Tamen
698 951 748 986 non
766 937 867 984 dubium
883 945 936 997 est,
965 936 1023 998 quin
1047 936 1075 984 in
1091 950 1166 985 uersas

83 1023 213 1074 Leonidae
230 1021 361 1070 Tarentini
381 1018 490 1085 [lacobs.
509 1022 586 1071 Anti.
604 1023 623 1068 l.
643 1017 690 1086 c.],
714 1014 853 1088 εὐκαμπὲς
868 1009 1019 1088 ἄγκιστρον
1034 1019 1081 1069 καὶ
1097 1013 1166 1071 δού-

85 1124 156 1177 ρατα
175 1100 360 1172 δουλιχόεντα,
380 1107 535 1168 paenultima
550 1105 621 1154 vocis
639 1098 804 1174 εὐκαμπὲς
824 1107 907 1156 brevis
924 1105 966 1156 sit.
1007 1108 1087 1156 Porro
1105 1121 1166 1157 sae·

84 1192 188 1259 pissime
206 1194 272 1255 apnd
289 1191 398 1254 tragicos
420 1195 538 1253 leguntur
564 1183 737 1255 cisoniensis,
762 1185 937 1260 ἀμπλάκημα
944 1225 953 1255 ,
977 1182 1165 1257 ἀμπλάκητος,
1207 1194 1234 1207 ’“

86 1267 299 1344 ἀναμπλάκητος
316 1284 432 1339 correpta
450 1277 550 1338 syllaba
571 1268 658 1343 ἀμπλ.
702 1277 765 1345 Quis
784 1277 850 1327 enim
874 1278 961 1326 credat
982 1279 1069 1326 doctos
1087 1292 1166 1340 usque

85 1364 118 1414 ad
134 1365 200 1412 hunc
222 1363 288 1412 diem
312 1362 339 1409 io
356 1376 420 1410 voce
439 1360 487 1410 ista
505 1369 556 1408 tam
571 1375 676 1423 prorsus
692 1361 766 1409 nihili
781 1362 872 1412 fecisse
889 1365 1063 1411 auctoritatem
1080 1363 1167 1413 libro-

85 1465 158 1511 rum,
187 1457 214 1495 ul
236 1455 339 1510 propter
355 1446 428 1496 inane
445 1447 568 1509 quoddam
586 1457 746 1509 praeceptum
762 1445 888 1510 Poreoui,
912 1443 1052 1508 ubicunque
1068 1447 1094 1495 iu
1111 1434 1166 1497 tra:-
1253 1504 1256 1509 ,

87 1535 150 1599 gicis
165 1534 244 1596 prima
255 1533 363 1601 “syllaba
380 1546 469 1579 vocum
485 1525 658 1596 ἆμπλακεῖν,
678 1523 866 1598 ἀμπλάκημα,
894 1540 921 1581 et
938 1547 1002 1594 quae
1022 1543 1078 1581 sunt
1095 1533 1167 1583 eius-

87 1622 146 1670 dem
168 1619 292 1680 familiae,
322 1617 505 1679 corriperetur,
529 1617 584 1665 sine
604 1631 672 1665 mora
689 1627 810 1666 mutarent
828 1611 978 1690 doluistis,
1005 1609 1167 1683 ἀπλάκημα.

90 1703 190 1772 Quoia
207 1702 296 1766 agendi
315 1705 388 1751 modo
405 1710 505 1764 praeter
522 1701 702 1764 neglectionem
718 1710 832 1751 veterum
849 1703 970 1752 librorum
986 1704 1048 1750 haec
1063 1712 1102 1752 est
1118 1718 1168 1771 uon

88 1790 170 1839 minor
195 1792 283 1850 culpa,
298 1786 377 1849 synod
393 1788 541 1859 vocabulum
557 1786 712 1850 iuliuguam
728 1802 843 1850 graecam
867 1787 1071 1851 introduxerunt,
1101 1788 1169 1851 quoti

87 1889 119 1922 au
137 1888 246 1935 unquam
263 1871 396 1930 exstiterit,
415 1873 491 1933 longe
507 1872 627 1920 incertius
644 1881 690 1932 est,
702 1887 785 1934 ¹apuam
801 1872 847 1920 illa
864 1873 920 1935 ipsa
935 1875 1088 1936 syllabarum
1105 1884 1170 1941 αμπ

89 1967 115 2008 ol
131 1956 212 2022 αμπλ
229 1960 294 2020 apud
311 1958 419 2018 tragicos
444 1957 583 2019 correptior
608 1956 660 2004 rid.
675 1956 784 2005 Seidler.
802 1958 823 2005 1.
840 1972 863 2005 c.
880 1973 906 2020 p.
918 1958 960 2020 25»,
977 1969 1029 2006 not.
1063 1960 1170 2026 Ecquod

87 2045 154 2092 enim
179 2044 271 2093 certius
299 2049 468 2104 argumentum
486 2050 524 2090 ast
543 2043 588 2091 has
604 2043 717 2104 syllabas
733 2055 824 2090 revera
842 2053 969 2106 correptas
987 2038 1170 2106 essee-traglss
1244 2076 1247 2082 ·

88 2128 141 2192 cia,
159 2145 232 2191 quam
248 2127 381 2176 multitudo
399 2130 586 2189 exemplorum,
610 2141 674 2188 quae
697 2141 747 2174 una
771 2141 806 2175 ex
821 2137 894 2190 parta
910 2130 1031 2176 librorum
1048 2144 1170 2180 consensa

87 2213 200 2263 stabilita
216 2221 288 2275 surra,
314 2221 341 2261 et
360 2210 407 2258 ulri
432 2226 467 2273 ax
491 2215 570 2260 altera
595 2220 665 2273 parte
687 2221 791 2273 propter
814 2222 919 2261 uacuum
937 2213 993 2263 fieri
1010 2229 1059 2263 non
1076 2222 1169 2282 potest,¹

87 2299 150 2361 quin
166 2300 284 2361 syllabae
299 2297 362 2349 istae
379 2296 555 2358 corripiantur.
596 2298 685 2358 ltaque
703 2310 791 2344 verum
816 2307 854 2346 est
870 2290 1099 2366 ἀμπλακημάτων
1114 2301 1170 2350 Aea·

87 2385 171 2446 schyl.
188 2386 272 2432 Prom.
284 2385 349 2444 112,
369 2375 574 2449 ἀμπλακὴματα
591 2381 695 2430 Eumen.
710 2382 760 2430 932
769 2415 777 2442 ,
802 2396 888 2432 rerum
904 2377 1064 2450 ἀμπλακίας
1080 2384 1170 2450 Euripi

86 2469 162 2519 Mad.
182 2471 247 2532 ιη,
280 2461 437 2535 ἀμπλακὼν
458 2467 542 2530 rpnrg.
567 2467 627 2515 Aur.
647 2466 712 2528 124,
749 2460 905 2531 laurada
926 2471 1023 2519 arceo.
1042 2471 1106 2534 247,
1125 2452 1171 2524 nst

85 2553 224 2604 Monkium
246 2556 309 2602 hane
333 2552 359 2599 iu
385 2554 491 2601 formam
515 2552 666 2602 saevientem
691 2551 823 2602 verissime
841 2555 960 2603 refutavit
976 2556 1171 2608 Wiistemannus

88 2637 129 2703 [v.
148 2641 254 2688 eumdem
271 2639 313 2690 ad.
331 2654 356 2685 v.
368 2638 431 2696 lau]
441 2673 449 2702 ,
467 2653 554 2687 veram
572 2638 679 2700 denique
697 2631 908 2703 ἀναμπλάκητοι
925 2641 1002 2702 Soph.
1021 2642 1085 2691 0ed.
1104 2644 1170 2705 Tyr.

87 2722 158 2787 474,
187 2733 214 2773 et
229 2723 267 2773 sic
284 2734 385 2786 porro.'
419 2724 453 2771 Et
470 2724 571 2786 quidem
594 2723 635 2772 lris
652 2723 763 2773 omnibus
778 2723 805 2771 in
822 2724 887 2773 locis
904 2728 982 2789 vulgo
999 2727 1117 2790 scriptum
1134 2737 1173 2778 est

88 2805 169 2876 ἀμπλ
177 2843 187 2870 ,
204 2823 253 2858 nou
271 2803 343 2871 cini,
361 2819 387 2858 et
405 2810 517 2859 omnibus
533 2809 560 2857 ia
576 2807 642 2856 locis
657 2809 722 2856 lanc
739 2810 864 2870 syllabam
879 2811 981 2860 brevem
998 2819 1053 2862 esse
1070 2828 1172 2864 necesse

88 2903 139 2946 est.
173 2895 291 2958 Inprimis
310 2897 376 2957 apud
390 2895 545 2956 Aeschylum
562 2893 636 2940 multi
653 2893 704 2941 loci
730 2904 876 2955 supersunt,
900 2897 946 2943 uhi
966 2899 1115 2960 interpretes
1132 2899 1174 2948 in·²
1211 2937 1217 2943 .

88 2981 252 3032 considerate
269 2996 298 3029 ac
316 2990 402 3029 eontra
418 2981 498 3028 libros
517 2979 581 3027 illud
598 2994 620 3045 μ
638 2978 776 3027 eiecerunt.
819 2979 866 3028 Cui
883 2981 1008 3030 siveram
1025 2992 1063 3032 est
1079 2986 1173 3034 Porso⁴

88 3083 149 3116 num
166 3067 245 3116 octies
262 3068 366 3114 lerinam
384 3061 518 3120 ἀπλακίας
533 3064 689 3125 restituisse,
707 3064 901 3127 octies-quoque
918 3067 1099 3116 verior-forma
1115 3063 1174 3135 ἆμ-

88 3151 210 3208 πλακίας
225 3151 379 3201 restituenda
395 3160 442 3201 est.
488 3151 622 3199 Caeterum
639 3151 768 3198 innumera
784 3155 898 3212 exempla
916 3152 1058 3214 suppeditat
1076 3154 1171 3205 Mettis·

89 3239 119 3286 in
141 3254 180 3300 gr.
209 3235 294 3301 Ml,
327 3237 370 3284 uli
396 3238 511 3300 syllabae
535 3244 592 3284 ante
616 3235 724 3285 omilium
750 3249 868 3297 generum
893 3249 1015 3286 consonas
1041 3250 1175 3302 correptae

89 3333 158 3374 nulli.

160 3443 301 3492 Secundum
319 3447 460 3505 exemplum
478 3439 588 3492 Seidlari
605 3450 645 3492 est
661 3440 728 3505 apud
741 3437 893 3513 Euripidem
909 3437 937 3490 in
953 3440 1060 3493 Bacchis
1083 3459 1107 3495 r.
1122 3443 1178 3521 ⁹⁴4!

89 3538 119 3578 et
136 3528 197 3593 958,

453 3622 552 3701 λευρᾶς
571 3619 627 3680 ἀπὸ
644 3627 757 3703 μίτρας.
805 3691 808 3695 Ι

334 3708 431 3766 antistr.

452 3788 492 3849 θᾶ
501 3825 533 3837 -
543 3809 625 3857 vorot
642 3788 863 3871 ἀπροφάσι-’-
872 3809 943 3859 στος.

88 3922 190 3971 Versus
223 3921 414 3984 antistrophlcus
446 3921 554 3969 mirilico
581 3932 713 3985 corruptus
739 3932 786 3972 est.
808 3951 811 3955 .
836 3923 920 3985 Atque
943 3922 975 3971 da
1008 3918 1072 3986 itae,
1104 3935 1177 3986 quem

89 4009 237 4058 Brunckius
256 4009 424 4068 Camerinum,
454 4005 596 4054 Elmsleius·
616 4008 691 4056 totius
714 4007 858 4070 tragoediae
884 4007 1073 4070 difficillimam,
1103 4010 1177 4057 alata

90 4094 191 4143 thiasus
216 4094 326 4141 omniurn
348 4092 477 4154 Euripidis
500 4093 683 4154 tragoediarum
709 4095 980 4143 difficillimumlocum
999 4099 1124 4157 appellat,
1151 4103 1177 4144 el

91 4183 129 4229 de
147 4194 194 4241 quo
213 4189 250 4226 tot
266 4179 315 4225 riri
335 4178 471 4227 doctissimi
490 4186 574 4226 tacere
592 4182 744 4240 maluerunt,
764 4193 836 4240 quarn
851 4179 979 4238 iudicare,
995 4192 1059 4228 nurse
1075 4181 1176 4242 quidem

90 4264 214 4314 indiciam
232 4264 293 4312 milri
309 4279 357 4313 uon
382 4278 459 4314 sumo·
497 4265 665 4333 Quamquam,
691 4265 757 4325 quod
781 4263 849 4313 scira
876 4263 980 4328 attinet,
1008 4275 1101 4314 certum
1127 4274 1175 4327 ast,
