<?xml version="1.0" encoding="UTF-8"?>
<!DOCTYPE html PUBLIC "-//W3C//DTD XHTML 1.0 Transitional//EN"
    "http://www.w3.org/TR/xhtml1/DTD/xhtml1-transitional.dtd">
<html xmlns="http://www.w3.org/1999/xhtml" xml:lang="en" lang="en">
 <head>
  <title>
</title>
<meta http-equiv="Content-Type" content="text/html;charset=utf-8" />
  <meta name='ocr-system' content='tesseract 3.04.00' />
  <meta name='ocr-capabilities' content='ocr_page ocr_carea ocr_par ocr_line ocrx_word'/>
</head>
<body>
  <div class='ocr_page' id='page_1' title='image "./quaestionessoph00mattgoog_0189.png"; bbox 0 0 2678 4816; ppageno 0'>
   <div class='ocr_carea' id='block_1_1' title="bbox 358 1094 1008 1186">
    <p class='ocr_par' dir='ltr' id='par_1_1' title="bbox 358 1094 1008 1186">
     <span class='ocr_line' id='line_1_1' title="bbox 358 1094 1008 1186; baseline -0.002 -13"><span class='ocrx_word' id='word_1_1' title='bbox 358 1126 361 1131; x_wconf 92' lang='grc'><em>·</em></span> <span class='ocrx_word' id='word_1_2' title='bbox 459 1097 716 1173; x_wconf 71' lang='lat' dir='ltr'><strong>Excessus</strong></span> <span class='ocrx_word' id='word_1_3' title='bbox 742 1094 779 1172; x_wconf 88' lang='lat'><strong>1.</strong></span> <span class='ocrx_word' id='word_1_4' title='bbox 815 1094 871 1170; x_wconf 80' lang='lat' dir='ltr'><strong>tui</strong></span> <span class='ocrx_word' id='word_1_5' title='bbox 893 1107 925 1186; x_wconf 59' lang='grc' dir='ltr'><strong>ς.</strong></span> <span class='ocrx_word' id='word_1_6' title='bbox 943 1094 1008 1175; x_wconf 79' lang='lat'><strong>28.</strong></span> 
     </span>
    </p>
   </div>
   <div class='ocr_carea' id='block_1_2' title="bbox 146 1344 1328 4290">
    <p class='ocr_par' dir='ltr' id='par_1_2' title="bbox 192 1344 1328 2136">
     <span class='ocr_line' id='line_1_2' title="bbox 194 1344 1273 1440; baseline 0.001 -19"><span class='ocrx_word' id='word_1_7' title='bbox 194 1344 336 1424; x_wconf 76' lang='lat' dir='ltr'><strong>Seidlerns</strong></span> <span class='ocrx_word' id='word_1_8' title='bbox 360 1373 393 1422; x_wconf 89' lang='lat' dir='ltr'><strong>de</strong></span> <span class='ocrx_word' id='word_1_9' title='bbox 418 1372 530 1422; x_wconf 81' lang='lat' dir='ltr'><strong>versibus</strong></span> <span class='ocrx_word' id='word_1_10' title='bbox 549 1371 701 1422; x_wconf 82' lang='lat' dir='ltr'><strong>dochmiacis</strong></span> <span class='ocrx_word' id='word_1_11' title='bbox 717 1388 743 1435; x_wconf 91' lang='lat' dir='ltr'><strong>p.</strong></span> <span class='ocrx_word' id='word_1_12' title='bbox 754 1370 789 1420; x_wconf 75' lang='lat'><strong>25</strong></span> <span class='ocrx_word' id='word_1_13' title='bbox 805 1387 859 1434; x_wconf 83' lang='lat' dir='ltr'><strong>sqq.</strong></span> <span class='ocrx_word' id='word_1_14' title='bbox 886 1370 936 1420; x_wconf 86' lang='lat' dir='ltr'><strong>tria</strong></span> <span class='ocrx_word' id='word_1_15' title='bbox 953 1381 1085 1435; x_wconf 88' lang='lat' dir='ltr'><strong>praeterea</strong></span> <span class='ocrx_word' id='word_1_16' title='bbox 1102 1375 1219 1437; x_wconf 87' lang='lat' dir='ltr'><strong>exempla</strong></span> <span class='ocrx_word' id='word_1_17' title='bbox 1235 1374 1273 1440; x_wconf 57' lang='lat' dir='ltr'><strong>alf</strong></span> 
     </span>
     <span class='ocr_line' id='line_1_3' title="bbox 193 1438 1328 1520; baseline -0.002 -10"><span class='ocrx_word' id='word_1_18' title='bbox 193 1458 244 1509; x_wconf 74' lang='lat' dir='ltr'><strong>fert</strong></span> <span class='ocrx_word' id='word_1_19' title='bbox 268 1459 333 1506; x_wconf 88' lang='lat' dir='ltr'><strong>illud</strong></span> <span class='ocrx_word' id='word_1_20' title='bbox 357 1459 388 1504; x_wconf 93' lang='lat' dir='ltr'><strong>ad</strong></span> <span class='ocrx_word' id='word_1_21' title='bbox 413 1471 490 1519; x_wconf 80' lang='lat' dir='ltr'><strong>genus</strong></span> <span class='ocrx_word' id='word_1_22' title='bbox 507 1457 675 1520; x_wconf 75' lang='lat' dir='ltr'><strong>pertinentia,</strong></span> <span class='ocrx_word' id='word_1_23' title='bbox 701 1456 758 1520; x_wconf 86' lang='lat' dir='ltr'><strong>uhi,</strong></span> <span class='ocrx_word' id='word_1_24' title='bbox 784 1438 854 1506; x_wconf 71' lang='lat' dir='ltr'><strong>veluit</strong></span> <span class='ocrx_word' id='word_1_25' title='bbox 870 1457 898 1504; x_wconf 90' lang='lat' dir='ltr'><strong>in</strong></span> <span class='ocrx_word' id='word_1_26' title='bbox 915 1458 1074 1506; x_wconf 79' lang='lat' dir='ltr'>Philoctetae</span> <span class='ocrx_word' id='word_1_27' title='bbox 1090 1462 1149 1507; x_wconf 92' lang='lat' dir='ltr'><strong>loco</strong></span> <span class='ocrx_word' id='word_1_28' title='bbox 1165 1474 1190 1506; x_wconf 81' lang='lat' dir='ltr'><strong>v.</strong></span> <span class='ocrx_word' id='word_1_29' title='bbox 1207 1457 1272 1508; x_wconf 85' lang='lat'>1081</span> <span class='ocrx_word' id='word_1_30' title='bbox 1324 1442 1328 1450; x_wconf 48' lang='lat'>¹</span> 
     </span>
     <span class='ocr_line' id='line_1_4' title="bbox 193 1541 1272 1608; baseline 0.001 -17"><span class='ocrx_word' id='word_1_31' title='bbox 193 1551 221 1608; x_wconf 72' lang='lat' dir='ltr'><strong>et</strong></span> <span class='ocrx_word' id='word_1_32' title='bbox 239 1543 320 1602; x_wconf 81' lang='lat'><strong>110⁰,</strong></span> <span class='ocrx_word' id='word_1_33' title='bbox 344 1542 463 1604; x_wconf 84' lang='lat' dir='ltr'><strong>septimae</strong></span> <span class='ocrx_word' id='word_1_34' title='bbox 488 1544 582 1591; x_wconf 82' lang='lat' dir='ltr'><strong>lormee</strong></span> <span class='ocrx_word' id='word_1_35' title='bbox 607 1542 716 1590; x_wconf 89' lang='lat' dir='ltr'><strong>dochmii</strong></span> <span class='ocrx_word' id='word_1_36' title='bbox 734 1563 769 1577; x_wconf 89' lang='lat'><strong>--</strong></span> <span class='ocrx_word' id='word_1_37' title='bbox 785 1565 820 1577; x_wconf 92' lang='lat'>-</span> <span class='ocrx_word' id='word_1_38' title='bbox 836 1563 854 1591; x_wconf 88' lang='grc' dir='ltr'><strong>υ</strong></span> <span class='ocrx_word' id='word_1_39' title='bbox 870 1562 887 1591; x_wconf 90' lang='grc' dir='ltr'><strong>υ</strong></span> <span class='ocrx_word' id='word_1_40' title='bbox 904 1562 922 1591; x_wconf 89' lang='grc' dir='ltr'>υ</span> <span class='ocrx_word' id='word_1_41' title='bbox 939 1570 975 1607; x_wconf 37' lang='grc'><strong>-,-</strong></span> <span class='ocrx_word' id='word_1_42' title='bbox 991 1543 1041 1590; x_wconf 90' lang='lat' dir='ltr'><strong>alia</strong></span> <span class='ocrx_word' id='word_1_43' title='bbox 1064 1541 1144 1591; x_wconf 78' lang='lat' dir='ltr'><strong>forma</strong></span> <span class='ocrx_word' id='word_1_44' title='bbox 1169 1558 1272 1605; x_wconf 88' lang='lat' dir='ltr'><strong>respon·</strong></span> 
     </span>
     <span class='ocr_line' id='line_1_5' title="bbox 192 1626 1273 1690; baseline 0 -14"><span class='ocrx_word' id='word_1_45' title='bbox 192 1631 260 1685; x_wconf 82' lang='lat' dir='ltr'><strong>dent.</strong></span> <span class='ocrx_word' id='word_1_46' title='bbox 303 1630 400 1676; x_wconf 80' lang='lat' dir='ltr'><strong>&#39;lamen</strong></span> <span class='ocrx_word' id='word_1_47' title='bbox 424 1631 540 1690; x_wconf 87' lang='lat' dir='ltr'><strong>exempla</strong></span> <span class='ocrx_word' id='word_1_48' title='bbox 564 1626 613 1675; x_wconf 85' lang='lat' dir='ltr'><strong>iata</strong></span> <span class='ocrx_word' id='word_1_49' title='bbox 629 1626 766 1676; x_wconf 79' lang='lat' dir='ltr'><strong>incertiora</strong></span> <span class='ocrx_word' id='word_1_50' title='bbox 783 1636 853 1690; x_wconf 78' lang='lat' dir='ltr'><strong>sunt,</strong></span> <span class='ocrx_word' id='word_1_51' title='bbox 882 1643 956 1690; x_wconf 83' lang='lat' dir='ltr'><strong>quom</strong></span> <span class='ocrx_word' id='word_1_52' title='bbox 972 1641 1037 1690; x_wconf 87' lang='lat' dir='ltr'><strong>quae</strong></span> <span class='ocrx_word' id='word_1_53' title='bbox 1053 1627 1109 1676; x_wconf 88' lang='lat' dir='ltr'><strong>sine</strong></span> <span class='ocrx_word' id='word_1_54' title='bbox 1126 1626 1193 1676; x_wconf 90' lang='lat' dir='ltr'><strong>omni</strong></span> <span class='ocrx_word' id='word_1_55' title='bbox 1211 1642 1273 1676; x_wconf 89' lang='lat' dir='ltr'><strong>exa·</strong></span> 
     </span>
     <span class='ocr_line' id='line_1_6' title="bbox 192 1711 1275 1776; baseline 0 -14"><span class='ocrx_word' id='word_1_56' title='bbox 192 1715 260 1762; x_wconf 84' lang='lat' dir='ltr'><strong>mine</strong></span> <span class='ocrx_word' id='word_1_57' title='bbox 284 1715 333 1761; x_wconf 90' lang='lat' dir='ltr'><strong>huc</strong></span> <span class='ocrx_word' id='word_1_58' title='bbox 356 1713 482 1761; x_wconf 83' lang='lat' dir='ltr'><strong>numerari</strong></span> <span class='ocrx_word' id='word_1_59' title='bbox 507 1721 607 1774; x_wconf 77' lang='lat' dir='ltr'>queant.</span> <span class='ocrx_word' id='word_1_60' title='bbox 647 1711 759 1760; x_wconf 84' lang='lat' dir='ltr'><strong>Primum</strong></span> <span class='ocrx_word' id='word_1_61' title='bbox 783 1722 831 1761; x_wconf 62' lang='lat' dir='ltr'><strong>estv</strong></span> <span class='ocrx_word' id='word_1_62' title='bbox 846 1715 913 1776; x_wconf 84' lang='lat' dir='ltr'><strong>apud</strong></span> <span class='ocrx_word' id='word_1_63' title='bbox 929 1712 1051 1776; x_wconf 79' lang='lat' dir='ltr'><strong>Aeschyl.</strong></span> <span class='ocrx_word' id='word_1_64' title='bbox 1068 1712 1095 1760; x_wconf 90' lang='lat' dir='ltr'><strong>iu</strong></span> <span class='ocrx_word' id='word_1_65' title='bbox 1112 1711 1275 1776; x_wconf 69' lang='lat' dir='ltr'>supplicibus</span> 
     </span>
     <span class='ocr_line' id='line_1_7' title="bbox 192 1793 551 1860; baseline -0.006 -14"><span class='ocrx_word' id='word_1_66' title='bbox 192 1813 218 1848; x_wconf 81' lang='lat' dir='ltr'><strong>r.</strong></span> <span class='ocrx_word' id='word_1_67' title='bbox 229 1798 279 1847; x_wconf 79' lang='grc'><strong>445</strong></span> <span class='ocrx_word' id='word_1_68' title='bbox 297 1807 323 1848; x_wconf 86' lang='lat' dir='ltr'><strong>et</strong></span> <span class='ocrx_word' id='word_1_69' title='bbox 338 1796 388 1846; x_wconf 75' lang='grc'><strong>451</strong></span> <span class='ocrx_word' id='word_1_70' title='bbox 409 1793 551 1860; x_wconf 80' lang='lat' dir='ltr'><strong>[Schitc.],</strong></span> 
     </span>
     <span class='ocr_line' id='line_1_8' title="bbox 552 1888 956 1971; baseline 0.015 -24"><span class='ocrx_word' id='word_1_71' title='bbox 552 1890 690 1962; x_wconf 77' lang='grc' dir='ltr'><strong>ἱππηδὸν,</strong></span> <span class='ocrx_word' id='word_1_72' title='bbox 709 1888 855 1964; x_wconf 78' lang='grc' dir='ltr'><strong>ἀμπύκων.</strong></span> <span class='ocrx_word' id='word_1_73' title='bbox 952 1960 956 1971; x_wconf 34' lang='grc' dir='ltr'>Ι</span> 
     </span>
     <span class='ocr_line' id='line_1_9' title="bbox 429 1981 527 2033; baseline 0.01 -1"><span class='ocrx_word' id='word_1_74' title='bbox 429 1981 527 2033; x_wconf 77' lang='lat' dir='ltr'><strong>mtistr.</strong></span> 
     </span>
     <span class='ocr_line' id='line_1_10' title="bbox 549 2057 759 2136; baseline 0 -18"><span class='ocrx_word' id='word_1_75' title='bbox 549 2057 651 2136; x_wconf 75' lang='grc' dir='ltr'><strong><em>ὁμοίαν</em></strong></span> <span class='ocrx_word' id='word_1_76' title='bbox 667 2066 759 2134; x_wconf 75' lang='grc' dir='ltr'><strong>θέμιν.</strong></span> 
     </span>
    </p>

    <p class='ocr_par' dir='ltr' id='par_1_3' title="bbox 146 2165 1273 4290">
     <span class='ocr_line' id='line_1_11' title="bbox 190 2165 1272 2238; baseline -0.003 -13"><span class='ocrx_word' id='word_1_77' title='bbox 190 2165 493 2234; x_wconf 62' lang='lat' dir='ltr'><strong>contemnuntur,</strong></span> <span class='ocrx_word' id='word_1_78' title='bbox 519 2170 569 2220; x_wconf 84' lang='lat' dir='ltr'><strong>nisi</strong></span> <span class='ocrx_word' id='word_1_79' title='bbox 593 2175 660 2234; x_wconf 80' lang='lat' dir='ltr'><strong>qnod</strong></span> <span class='ocrx_word' id='word_1_80' title='bbox 683 2172 746 2221; x_wconf 79' lang='lat' dir='ltr'><strong>Ald.</strong></span> <span class='ocrx_word' id='word_1_81' title='bbox 773 2179 799 2221; x_wconf 88' lang='lat' dir='ltr'><strong>at</strong></span> <span class='ocrx_word' id='word_1_82' title='bbox 814 2169 903 2236; x_wconf 70' lang='lat' dir='ltr'><strong>&#39;rui-n,</strong></span> <span class='ocrx_word' id='word_1_83' title='bbox 924 2172 1054 2224; x_wconf 80' lang='lat' dir='ltr'><strong>manifesto</strong></span> <span class='ocrx_word' id='word_1_84' title='bbox 1076 2188 1124 2238; x_wconf 90' lang='lat' dir='ltr'><strong>per</strong></span> <span class='ocrx_word' id='word_1_85' title='bbox 1139 2173 1272 2238; x_wconf 73' lang='lat' dir='ltr'><strong>negligan-</strong></span> 
     </span>
     <span class='ocr_line' id='line_1_12' title="bbox 189 2247 1273 2321; baseline -0.001 -13"><span class='ocrx_word' id='word_1_86' title='bbox 189 2258 249 2308; x_wconf 80' lang='lat' dir='ltr'><strong>tiem</strong></span> <span class='ocrx_word' id='word_1_87' title='bbox 265 2253 400 2321; x_wconf 81' lang='lat' dir='ltr'><strong>scribendi,</strong></span> <span class='ocrx_word' id='word_1_88' title='bbox 417 2255 445 2305; x_wconf 89' lang='lat' dir='ltr'><strong>in</strong></span> <span class='ocrx_word' id='word_1_89' title='bbox 461 2259 564 2321; x_wconf 74' lang='lat' dir='ltr'><strong>stropha</strong></span> <span class='ocrx_word' id='word_1_90' title='bbox 579 2258 672 2306; x_wconf 85' lang='lat' dir='ltr'><strong>habent</strong></span> <span class='ocrx_word' id='word_1_91' title='bbox 690 2247 831 2319; x_wconf 73' lang='grc' dir='ltr'><strong><em>ίππηὸών.</em></strong></span> <span class='ocrx_word' id='word_1_92' title='bbox 866 2258 920 2308; x_wconf 86' lang='lat' dir='ltr'><strong>Iam</strong></span> <span class='ocrx_word' id='word_1_93' title='bbox 936 2275 998 2310; x_wconf 82' lang='lat' dir='ltr'><strong>vero</strong></span> <span class='ocrx_word' id='word_1_94' title='bbox 1016 2274 1103 2309; x_wconf 79' lang='lat' dir='ltr'><strong>versus</strong></span> <span class='ocrx_word' id='word_1_95' title='bbox 1119 2268 1177 2308; x_wconf 86' lang='lat' dir='ltr'><strong>aunt</strong></span> <span class='ocrx_word' id='word_1_96' title='bbox 1189 2260 1273 2308; x_wconf 84' lang='lat' dir='ltr'><strong>doch·</strong></span> 
     </span>
     <span class='ocr_line' id='line_1_13' title="bbox 189 2333 1272 2411; baseline 0 -19"><span class='ocrx_word' id='word_1_97' title='bbox 189 2344 249 2411; x_wconf 78' lang='lat' dir='ltr'><strong>mii3</strong></span> <span class='ocrx_word' id='word_1_98' title='bbox 270 2353 296 2393; x_wconf 90' lang='lat' dir='ltr'><strong>et</strong></span> <span class='ocrx_word' id='word_1_99' title='bbox 312 2333 395 2392; x_wconf 86' lang='lat' dir='ltr'><strong>tamen</strong></span> <span class='ocrx_word' id='word_1_100' title='bbox 411 2344 551 2405; x_wconf 78' lang='lat' dir='ltr'><strong>stropilcus</strong></span> <span class='ocrx_word' id='word_1_101' title='bbox 568 2355 672 2391; x_wconf 86' lang='lat' dir='ltr'><strong>numero</strong></span> <span class='ocrx_word' id='word_1_102' title='bbox 689 2342 834 2392; x_wconf 86' lang='lat' dir='ltr'><strong>dochminco</strong></span> <span class='ocrx_word' id='word_1_103' title='bbox 851 2353 988 2407; x_wconf 68' lang='lat' dir='ltr'><strong>repugnat.</strong></span> <span class='ocrx_word' id='word_1_104' title='bbox 1017 2346 1108 2408; x_wconf 87' lang='lat' dir='ltr'><strong>Itaque</strong></span> <span class='ocrx_word' id='word_1_105' title='bbox 1121 2345 1227 2393; x_wconf 86' lang='lat' dir='ltr'><strong>Bothius</strong></span> <span class='ocrx_word' id='word_1_106' title='bbox 1244 2343 1272 2392; x_wconf 89' lang='lat' dir='ltr'><strong>irt</strong></span> 
     </span>
     <span class='ocr_line' id='line_1_14' title="bbox 188 2421 1272 2495; baseline -0.004 -14"><span class='ocrx_word' id='word_1_107' title='bbox 188 2431 291 2492; x_wconf 84' lang='lat' dir='ltr'><strong>stropha</strong></span> <span class='ocrx_word' id='word_1_108' title='bbox 307 2428 408 2491; x_wconf 73' lang='lat' dir='ltr'><strong>scripsit</strong></span> <span class='ocrx_word' id='word_1_109' title='bbox 425 2426 542 2488; x_wconf 69' lang='grc' dir='ltr'><strong>ἵππιονς</strong></span> <span class='ocrx_word' id='word_1_110' title='bbox 559 2427 684 2476; x_wconf 81' lang='lat' dir='ltr'><strong>Heatlrius</strong></span> <span class='ocrx_word' id='word_1_111' title='bbox 701 2426 791 2477; x_wconf 79' lang='lat' dir='ltr'><strong>innon</strong></span> <span class='ocrx_word' id='word_1_112' title='bbox 800 2463 810 2491; x_wconf 89' lang='lat'><strong>,</strong></span> <span class='ocrx_word' id='word_1_113' title='bbox 827 2421 989 2495; x_wconf 80' lang='grc' dir='ltr'><strong><em>κᾶμπὺκων,</em></strong></span> <span class='ocrx_word' id='word_1_114' title='bbox 1006 2432 1175 2492; x_wconf 80' lang='lat' dir='ltr'><strong>praecedente</strong></span> <span class='ocrx_word' id='word_1_115' title='bbox 1192 2425 1272 2484; x_wconf 75' lang='grc' dir='ltr'><strong><em>δίκας</em></strong></span> 
     </span>
     <span class='ocr_line' id='line_1_15' title="bbox 189 2509 1272 2580; baseline 0 -17"><span class='ocrx_word' id='word_1_116' title='bbox 189 2523 282 2563; x_wconf 82' lang='lat' dir='ltr'><strong>mutato</strong></span> <span class='ocrx_word' id='word_1_117' title='bbox 307 2515 333 2562; x_wconf 94' lang='lat' dir='ltr'><strong>in</strong></span> <span class='ocrx_word' id='word_1_118' title='bbox 360 2509 458 2576; x_wconf 81' lang='grc' dir='ltr'><strong><em>δίκαν,</em></strong></span> <span class='ocrx_word' id='word_1_119' title='bbox 481 2522 510 2561; x_wconf 91' lang='lat' dir='ltr'><strong>ut</strong></span> <span class='ocrx_word' id='word_1_120' title='bbox 534 2513 568 2562; x_wconf 84' lang='lat' dir='ltr'><strong>ait</strong></span> <span class='ocrx_word' id='word_1_121' title='bbox 592 2528 671 2580; x_wconf 70' lang='lat' dir='ltr'><strong>spirae</strong></span> <span class='ocrx_word' id='word_1_122' title='bbox 687 2512 714 2560; x_wconf 81' lang='lat' dir='ltr'><strong>in</strong></span> <span class='ocrx_word' id='word_1_123' title='bbox 730 2529 838 2575; x_wconf 65' lang='lat' dir='ltr'><strong>norm,-</strong></span> <span class='ocrx_word' id='word_1_124' title='bbox 861 2515 928 2563; x_wconf 90' lang='lat' dir='ltr'><strong>idem</strong></span> <span class='ocrx_word' id='word_1_125' title='bbox 945 2514 1052 2571; x_wconf 81' lang='lat' dir='ltr'><strong>coniecit</strong></span> <span class='ocrx_word' id='word_1_126' title='bbox 1068 2515 1098 2563; x_wconf 91' lang='lat' dir='ltr'><strong>in</strong></span> <span class='ocrx_word' id='word_1_127' title='bbox 1114 2514 1272 2577; x_wconf 76' lang='lat' dir='ltr'><strong>nutistroplra</strong></span> 
     </span>
     <span class='ocr_line' id='line_1_16' title="bbox 188 2590 1270 2666; baseline -0.003 -17"><span class='ocrx_word' id='word_1_128' title='bbox 188 2590 291 2666; x_wconf 77' lang='grc' dir='ltr'><strong><em>ὁμοίαν</em></strong></span> <span class='ocrx_word' id='word_1_129' title='bbox 306 2595 360 2666; x_wconf 78' lang='grc' dir='ltr'><strong>μὲν</strong></span> <span class='ocrx_word' id='word_1_130' title='bbox 376 2597 476 2665; x_wconf 75' lang='grc' dir='ltr'><strong><em>θέμιν,</em></strong></span> <span class='ocrx_word' id='word_1_131' title='bbox 495 2598 629 2647; x_wconf 79' lang='lat' dir='ltr'><strong>Schitzius</strong></span> <span class='ocrx_word' id='word_1_132' title='bbox 647 2591 749 2664; x_wconf 82' lang='grc' dir='ltr'><strong><em>ὁμοίαν</em></strong></span> <span class='ocrx_word' id='word_1_133' title='bbox 765 2593 800 2661; x_wconf 80' lang='grc' dir='ltr'><strong>δὴ</strong></span> <span class='ocrx_word' id='word_1_134' title='bbox 819 2597 911 2665; x_wconf 74' lang='grc' dir='ltr'><strong>θέμιν.</strong></span> <span class='ocrx_word' id='word_1_135' title='bbox 945 2599 990 2660; x_wconf 79' lang='lat' dir='ltr'><strong>At,</strong></span> <span class='ocrx_word' id='word_1_136' title='bbox 1008 2608 1036 2647; x_wconf 91' lang='lat' dir='ltr'><strong>ut</strong></span> <span class='ocrx_word' id='word_1_137' title='bbox 1053 2599 1165 2649; x_wconf 70' lang='lat' dir='ltr'><strong>omittam</strong></span> <span class='ocrx_word' id='word_1_138' title='bbox 1183 2613 1270 2649; x_wconf 84' lang='lat' dir='ltr'><strong>omnes</strong></span> 
     </span>
     <span class='ocr_line' id='line_1_17' title="bbox 188 2684 1271 2748; baseline 0.002 -17"><span class='ocrx_word' id='word_1_139' title='bbox 188 2685 233 2733; x_wconf 88' lang='lat' dir='ltr'><strong>lras</strong></span> <span class='ocrx_word' id='word_1_140' title='bbox 251 2685 405 2732; x_wconf 86' lang='lat' dir='ltr'><strong>coniecturas</strong></span> <span class='ocrx_word' id='word_1_141' title='bbox 427 2698 474 2732; x_wconf 90' lang='lat' dir='ltr'><strong>nec</strong></span> <span class='ocrx_word' id='word_1_142' title='bbox 488 2691 592 2731; x_wconf 86' lang='lat' dir='ltr'><strong>metrum</strong></span> <span class='ocrx_word' id='word_1_143' title='bbox 609 2684 746 2732; x_wconf 77' lang='lat' dir='ltr'><strong>emendare</strong></span> <span class='ocrx_word' id='word_1_144' title='bbox 758 2693 784 2734; x_wconf 90' lang='lat' dir='ltr'><strong>et</strong></span> <span class='ocrx_word' id='word_1_145' title='bbox 801 2699 900 2733; x_wconf 81' lang='lat' dir='ltr'><strong>sensum</strong></span> <span class='ocrx_word' id='word_1_146' title='bbox 924 2684 1077 2748; x_wconf 74' lang='lat' dir='ltr'><strong>depravare,</strong></span> <span class='ocrx_word' id='word_1_147' title='bbox 1104 2685 1136 2733; x_wconf 78' lang='lat' dir='ltr'><strong>ab</strong></span> <span class='ocrx_word' id='word_1_148' title='bbox 1162 2693 1271 2746; x_wconf 81' lang='lat' dir='ltr'><strong>utroque</strong></span> 
     </span>
     <span class='ocr_line' id='line_1_18' title="bbox 187 2764 1272 2837; baseline -0.002 -19"><span class='ocrx_word' id='word_1_149' title='bbox 187 2769 314 2818; x_wconf 74' lang='lat' dir='ltr'><strong>versiculo</strong></span> <span class='ocrx_word' id='word_1_150' title='bbox 331 2768 372 2815; x_wconf 81' lang='lat' dir='ltr'><strong>vie</strong></span> <span class='ocrx_word' id='word_1_151' title='bbox 389 2768 584 2837; x_wconf 75' lang='lat' dir='ltr'><strong>coniecturarum</strong></span> <span class='ocrx_word' id='word_1_152' title='bbox 600 2782 703 2831; x_wconf 85' lang='lat' dir='ltr'><strong>prorsus</strong></span> <span class='ocrx_word' id='word_1_153' title='bbox 719 2777 757 2818; x_wconf 81' lang='lat' dir='ltr'><strong>est</strong></span> <span class='ocrx_word' id='word_1_154' title='bbox 767 2768 857 2829; x_wconf 80' lang='lat' dir='ltr'><strong>aliene,</strong></span> <span class='ocrx_word' id='word_1_155' title='bbox 873 2768 986 2832; x_wconf 86' lang='lat' dir='ltr'><strong>primum,</strong></span> <span class='ocrx_word' id='word_1_156' title='bbox 1006 2772 1074 2832; x_wconf 91' lang='lat' dir='ltr'><strong>quod</strong></span> <span class='ocrx_word' id='word_1_157' title='bbox 1087 2764 1148 2817; x_wconf 82' lang='lat' dir='ltr'><strong>libri</strong></span> <span class='ocrx_word' id='word_1_158' title='bbox 1162 2784 1206 2818; x_wconf 88' lang='lat' dir='ltr'><strong>eos</strong></span> <span class='ocrx_word' id='word_1_159' title='bbox 1221 2783 1272 2817; x_wconf 77' lang='lat' dir='ltr'><strong>une</strong></span> 
     </span>
     <span class='ocr_line' id='line_1_19' title="bbox 186 2836 1272 2917; baseline 0.001 -15"><span class='ocrx_word' id='word_1_160' title='bbox 186 2867 251 2902; x_wconf 78' lang='lat' dir='ltr'><strong>voce</strong></span> <span class='ocrx_word' id='word_1_161' title='bbox 268 2861 374 2914; x_wconf 86' lang='lat' dir='ltr'><strong>tuentur,</strong></span> <span class='ocrx_word' id='word_1_162' title='bbox 394 2867 441 2901; x_wconf 90' lang='lat' dir='ltr'><strong>nec</strong></span> <span class='ocrx_word' id='word_1_163' title='bbox 456 2862 539 2902; x_wconf 82' lang='lat' dir='ltr'><strong>temen</strong></span> <span class='ocrx_word' id='word_1_164' title='bbox 555 2836 659 2901; x_wconf 81' lang='lat' dir='ltr'><strong>metrica</strong></span> <span class='ocrx_word' id='word_1_165' title='bbox 679 2865 766 2902; x_wconf 86' lang='lat' dir='ltr'><strong>corum</strong></span> <span class='ocrx_word' id='word_1_166' title='bbox 782 2854 849 2904; x_wconf 92' lang='lat' dir='ltr'><strong>ratio</strong></span> <span class='ocrx_word' id='word_1_167' title='bbox 866 2864 916 2903; x_wconf 86' lang='lat' dir='ltr'><strong>tam</strong></span> <span class='ocrx_word' id='word_1_168' title='bbox 933 2864 1001 2904; x_wconf 80' lang='lat' dir='ltr'><strong>certe</strong></span> <span class='ocrx_word' id='word_1_169' title='bbox 1015 2865 1062 2915; x_wconf 88' lang='lat' dir='ltr'><strong>est,</strong></span> <span class='ocrx_word' id='word_1_170' title='bbox 1080 2865 1272 2917; x_wconf 65' lang='lat' dir='ltr'><strong>propterquam</strong></span> 
     </span>
     <span class='ocr_line' id='line_1_20' title="bbox 146 2931 1270 3003; baseline 0.002 -15"><span class='ocrx_word' id='word_1_171' title='bbox 146 2931 151 2942; x_wconf 84' lang='lat'>&#39;</span> <span class='ocrx_word' id='word_1_172' title='bbox 185 2939 308 3000; x_wconf 84' lang='lat' dir='ltr'><strong>scripturn</strong></span> <span class='ocrx_word' id='word_1_173' title='bbox 324 2938 447 3000; x_wconf 79' lang='lat' dir='ltr'><strong>Aeschyli</strong></span> <span class='ocrx_word' id='word_1_174' title='bbox 466 2937 558 3001; x_wconf 79' lang='lat' dir='ltr'><strong>corrigi</strong></span> <span class='ocrx_word' id='word_1_175' title='bbox 574 2937 669 3001; x_wconf 82' lang='lat' dir='ltr'><strong>possit,</strong></span> <span class='ocrx_word' id='word_1_176' title='bbox 688 2939 795 3003; x_wconf 88' lang='lat' dir='ltr'><strong>deinde,</strong></span> <span class='ocrx_word' id='word_1_177' title='bbox 819 2942 887 3002; x_wconf 89' lang='lat' dir='ltr'><strong>quod</strong></span> <span class='ocrx_word' id='word_1_178' title='bbox 904 2940 1003 2989; x_wconf 88' lang='lat' dir='ltr'><strong>omnino</strong></span> <span class='ocrx_word' id='word_1_179' title='bbox 1020 2955 1101 3003; x_wconf 84' lang='lat' dir='ltr'><strong>neque</strong></span> <span class='ocrx_word' id='word_1_180' title='bbox 1117 2954 1207 2998; x_wconf 69' lang='lat' dir='ltr'><strong>sersus</strong></span> <span class='ocrx_word' id='word_1_181' title='bbox 1224 2955 1270 2990; x_wconf 85' lang='lat' dir='ltr'><strong>ne·</strong></span> 
     </span>
     <span class='ocr_line' id='line_1_21' title="bbox 185 3023 1268 3089; baseline 0.003 -17"><span class='ocrx_word' id='word_1_182' title='bbox 185 3039 233 3087; x_wconf 85' lang='lat' dir='ltr'><strong>qne</strong></span> <span class='ocrx_word' id='word_1_183' title='bbox 249 3025 432 3086; x_wconf 77' lang='lat' dir='ltr'><strong>politeeverba</strong></span> <span class='ocrx_word' id='word_1_184' title='bbox 448 3023 608 3073; x_wconf 73' lang='lat' dir='ltr'><strong>mutationem</strong></span> <span class='ocrx_word' id='word_1_185' title='bbox 625 3024 777 3087; x_wconf 82' lang='lat' dir='ltr'><strong>permittupt.</strong></span> <span class='ocrx_word' id='word_1_186' title='bbox 821 3025 906 3074; x_wconf 80' lang='lat' dir='ltr'><strong>Aliter</strong></span> <span class='ocrx_word' id='word_1_187' title='bbox 931 3040 964 3074; x_wconf 89' lang='lat' dir='ltr'><strong>ne</strong></span> <span class='ocrx_word' id='word_1_188' title='bbox 987 3025 1146 3088; x_wconf 78' lang='lat' dir='ltr'><strong>disponamur</strong></span> <span class='ocrx_word' id='word_1_189' title='bbox 1169 3039 1268 3089; x_wconf 77' lang='lat' dir='ltr'><strong>versus,</strong></span> 
     </span>
     <span class='ocr_line' id='line_1_22' title="bbox 184 3104 1270 3173; baseline -0.001 -13"><span class='ocrx_word' id='word_1_190' title='bbox 184 3111 247 3160; x_wconf 76' lang='lat' dir='ltr'><strong>sicut</strong></span> <span class='ocrx_word' id='word_1_191' title='bbox 264 3104 382 3157; x_wconf 87' lang='lat' dir='ltr'><strong>Pauwins</strong></span> <span class='ocrx_word' id='word_1_192' title='bbox 399 3108 475 3170; x_wconf 84' lang='lat' dir='ltr'><strong>iecit,</strong></span> <span class='ocrx_word' id='word_1_193' title='bbox 501 3111 580 3157; x_wconf 87' lang='lat' dir='ltr'><strong>semel</strong></span> <span class='ocrx_word' id='word_1_194' title='bbox 597 3107 712 3171; x_wconf 81' lang='lat' dir='ltr'><strong>obsistit,</strong></span> <span class='ocrx_word' id='word_1_195' title='bbox 731 3110 797 3171; x_wconf 84' lang='lat' dir='ltr'><strong>quod</strong></span> <span class='ocrx_word' id='word_1_196' title='bbox 814 3109 904 3172; x_wconf 85' lang='lat' dir='ltr'><strong>reliqui</strong></span> <span class='ocrx_word' id='word_1_197' title='bbox 921 3118 947 3159; x_wconf 89' lang='lat' dir='ltr'><strong>et</strong></span> <span class='ocrx_word' id='word_1_198' title='bbox 965 3113 1083 3173; x_wconf 74' lang='lat' dir='ltr'><strong>strophae</strong></span> <span class='ocrx_word' id='word_1_199' title='bbox 1101 3121 1127 3162; x_wconf 90' lang='lat' dir='ltr'><strong>et</strong></span> <span class='ocrx_word' id='word_1_200' title='bbox 1146 3111 1270 3161; x_wconf 87' lang='lat' dir='ltr'><strong>antistro-</strong></span> 
     </span>
     <span class='ocr_line' id='line_1_23' title="bbox 184 3186 1268 3261; baseline 0.006 -19"><span class='ocrx_word' id='word_1_201' title='bbox 184 3188 249 3258; x_wconf 78' lang='lat' dir='ltr'><strong>p&#39;hae</strong></span> <span class='ocrx_word' id='word_1_202' title='bbox 272 3208 357 3243; x_wconf 85' lang='lat' dir='ltr'><strong>versus</strong></span> <span class='ocrx_word' id='word_1_203' title='bbox 382 3191 544 3256; x_wconf 75' lang='lat' dir='ltr'><strong>praeter442</strong></span> <span class='ocrx_word' id='word_1_204' title='bbox 563 3201 589 3240; x_wconf 88' lang='lat' dir='ltr'><strong>et</strong></span> <span class='ocrx_word' id='word_1_205' title='bbox 604 3186 656 3242; x_wconf 77' lang='lat' dir='ltr'><strong>tle</strong></span> <span class='ocrx_word' id='word_1_206' title='bbox 679 3203 766 3257; x_wconf 78' lang='lat' dir='ltr'><strong>aperte</strong></span> <span class='ocrx_word' id='word_1_207' title='bbox 789 3196 927 3243; x_wconf 87' lang='lat' dir='ltr'><strong>dochmiaci</strong></span> <span class='ocrx_word' id='word_1_208' title='bbox 944 3205 1017 3257; x_wconf 88' lang='lat' dir='ltr'><strong>sunt,</strong></span> <span class='ocrx_word' id='word_1_209' title='bbox 1043 3206 1112 3261; x_wconf 89' lang='lat' dir='ltr'><strong>tum,</strong></span> <span class='ocrx_word' id='word_1_210' title='bbox 1135 3200 1204 3260; x_wconf 85' lang='lat' dir='ltr'><strong>qnod</strong></span> <span class='ocrx_word' id='word_1_211' title='bbox 1221 3199 1268 3248; x_wconf 82' lang='lat' dir='ltr'><strong>vix</strong></span> 
     </span>
     <span class='ocr_line' id='line_1_24' title="bbox 183 3277 1268 3346; baseline 0.006 -20"><span class='ocrx_word' id='word_1_212' title='bbox 183 3283 237 3328; x_wconf 88' lang='lat' dir='ltr'><strong>ullo</strong></span> <span class='ocrx_word' id='word_1_213' title='bbox 261 3279 312 3328; x_wconf 89' lang='lat' dir='ltr'><strong>alio</strong></span> <span class='ocrx_word' id='word_1_214' title='bbox 337 3293 440 3328; x_wconf 90' lang='lat' dir='ltr'><strong>numero</strong></span> <span class='ocrx_word' id='word_1_215' title='bbox 456 3280 519 3327; x_wconf 87' lang='lat' dir='ltr'><strong>haec</strong></span> <span class='ocrx_word' id='word_1_216' title='bbox 540 3277 642 3340; x_wconf 83' lang='lat' dir='ltr'><strong>quidem</strong></span> <span class='ocrx_word' id='word_1_217' title='bbox 659 3278 760 3343; x_wconf 69' lang='lat' dir='ltr'><strong>stropha</strong></span> <span class='ocrx_word' id='word_1_218' title='bbox 778 3288 832 3327; x_wconf 84' lang='lat' dir='ltr'><strong>cnm</strong></span> <span class='ocrx_word' id='word_1_219' title='bbox 846 3281 998 3343; x_wconf 79' lang='lat' dir='ltr'><strong>antistropha</strong></span> <span class='ocrx_word' id='word_1_220' title='bbox 1015 3281 1153 3345; x_wconf 76' lang='lat' dir='ltr'><strong>exaequari</strong></span> <span class='ocrx_word' id='word_1_221' title='bbox 1169 3293 1268 3346; x_wconf 87' lang='lat' dir='ltr'><strong>posset,</strong></span> 
     </span>
     <span class='ocr_line' id='line_1_25' title="bbox 182 3363 1267 3437; baseline 0.005 -24"><span class='ocrx_word' id='word_1_222' title='bbox 182 3365 210 3413; x_wconf 90' lang='lat' dir='ltr'><strong>id</strong></span> <span class='ocrx_word' id='word_1_223' title='bbox 227 3366 294 3426; x_wconf 82' lang='lat' dir='ltr'><strong>quod</strong></span> <span class='ocrx_word' id='word_1_224' title='bbox 310 3373 391 3412; x_wconf 88' lang='lat' dir='ltr'><strong>tamen</strong></span> <span class='ocrx_word' id='word_1_225' title='bbox 407 3364 434 3411; x_wconf 92' lang='lat' dir='ltr'><strong>in</strong></span> <span class='ocrx_word' id='word_1_226' title='bbox 450 3364 539 3426; x_wconf 81' lang='lat' dir='ltr'><strong>quovis</strong></span> <span class='ocrx_word' id='word_1_227' title='bbox 557 3363 609 3411; x_wconf 85' lang='lat' dir='ltr'><strong>alio</strong></span> <span class='ocrx_word' id='word_1_228' title='bbox 634 3376 738 3437; x_wconf 67' lang='lat' dir='ltr'><strong>numere</strong></span> <span class='ocrx_word' id='word_1_229' title='bbox 762 3378 864 3414; x_wconf 86' lang='lat' dir='ltr'><strong>necesse</strong></span> <span class='ocrx_word' id='word_1_230' title='bbox 888 3375 963 3415; x_wconf 83' lang='lat' dir='ltr'><strong>esset.</strong></span> <span class='ocrx_word' id='word_1_231' title='bbox 1006 3369 1095 3417; x_wconf 81' lang='lat' dir='ltr'><strong>Restat</strong></span> <span class='ocrx_word' id='word_1_232' title='bbox 1117 3369 1212 3434; x_wconf 77' lang='lat' dir='ltr'><strong>igitur,</strong></span> <span class='ocrx_word' id='word_1_233' title='bbox 1237 3379 1267 3419; x_wconf 91' lang='lat' dir='ltr'><strong>ut</strong></span> 
     </span>
     <span class='ocr_line' id='line_1_26' title="bbox 182 3448 1265 3517; baseline 0.005 -18"><span class='ocrx_word' id='word_1_234' title='bbox 182 3451 324 3499; x_wconf 81' lang='lat' dir='ltr'><strong>Seidlerum</strong></span> <span class='ocrx_word' id='word_1_235' title='bbox 341 3448 506 3498; x_wconf 86' lang='lat' dir='ltr'><strong>clarissimum</strong></span> <span class='ocrx_word' id='word_1_236' title='bbox 522 3449 669 3512; x_wconf 79' lang='lat' dir='ltr'><strong>sequamur,</strong></span> <span class='ocrx_word' id='word_1_237' title='bbox 686 3448 730 3512; x_wconf 79' lang='lat' dir='ltr'><strong>qui</strong></span> <span class='ocrx_word' id='word_1_238' title='bbox 747 3452 780 3500; x_wconf 91' lang='lat' dir='ltr'><strong>de</strong></span> <span class='ocrx_word' id='word_1_239' title='bbox 797 3465 864 3499; x_wconf 81' lang='lat' dir='ltr'><strong>vers.</strong></span> <span class='ocrx_word' id='word_1_240' title='bbox 882 3452 957 3499; x_wconf 87' lang='lat' dir='ltr'><strong>doeh.</strong></span> <span class='ocrx_word' id='word_1_241' title='bbox 974 3468 1000 3515; x_wconf 92' lang='lat' dir='ltr'><strong>p.</strong></span> <span class='ocrx_word' id='word_1_242' title='bbox 1014 3452 1062 3515; x_wconf 82' lang='lat'><strong>26,</strong></span> <span class='ocrx_word' id='word_1_243' title='bbox 1088 3449 1147 3503; x_wconf 78' lang='lat' dir='ltr'><strong>not.&#39;</strong></span> <span class='ocrx_word' id='word_1_244' title='bbox 1158 3453 1265 3517; x_wconf 76' lang='lat' dir='ltr'><strong>primam</strong></span> 
     </span>
     <span class='ocr_line' id='line_1_27' title="bbox 181 3524 1265 3607; baseline 0.005 -23"><span class='ocrx_word' id='word_1_245' title='bbox 181 3536 305 3598; x_wconf 79' lang='lat' dir='ltr'><strong>syllabam</strong></span> <span class='ocrx_word' id='word_1_246' title='bbox 322 3534 392 3582; x_wconf 78' lang='lat' dir='ltr'><strong>vocis</strong></span> <span class='ocrx_word' id='word_1_247' title='bbox 410 3524 791 3598; x_wconf 68' lang='lat' dir='ltr'><strong>cipndxwvcorripiendam</strong></span> <span class='ocrx_word' id='word_1_248' title='bbox 809 3550 865 3584; x_wconf 81' lang='lat' dir='ltr'><strong>esse</strong></span> <span class='ocrx_word' id='word_1_249' title='bbox 881 3537 977 3586; x_wconf 85' lang='lat' dir='ltr'><strong>statuit.</strong></span> <span class='ocrx_word' id='word_1_250' title='bbox 1013 3540 1070 3607; x_wconf 83' lang='lat' dir='ltr'><strong>Quo</strong></span> <span class='ocrx_word' id='word_1_251' title='bbox 1088 3540 1163 3601; x_wconf 86' lang='lat' dir='ltr'><strong>iacto,</strong></span> <span class='ocrx_word' id='word_1_252' title='bbox 1181 3541 1265 3589; x_wconf 81' lang='lat' dir='ltr'><strong>halre-</strong></span> 
     </span>
     <span class='ocr_line' id='line_1_28' title="bbox 180 3612 1264 3688; baseline 0.006 -21"><span class='ocrx_word' id='word_1_253' title='bbox 180 3633 234 3668; x_wconf 83' lang='lat' dir='ltr'><strong>mus</strong></span> <span class='ocrx_word' id='word_1_254' title='bbox 249 3620 277 3666; x_wconf 89' lang='lat' dir='ltr'><strong>in</strong></span> <span class='ocrx_word' id='word_1_255' title='bbox 295 3620 395 3680; x_wconf 86' lang='lat' dir='ltr'><strong>stropha</strong></span> <span class='ocrx_word' id='word_1_256' title='bbox 413 3618 531 3680; x_wconf 85' lang='lat' dir='ltr'><strong>optimum</strong></span> <span class='ocrx_word' id='word_1_257' title='bbox 548 3618 687 3666; x_wconf 87' lang='lat' dir='ltr'><strong>dochminm</strong></span> <span class='ocrx_word' id='word_1_258' title='bbox 708 3620 828 3682; x_wconf 81' lang='lat' dir='ltr'><strong>septimae</strong></span> <span class='ocrx_word' id='word_1_259' title='bbox 851 3623 962 3685; x_wconf 71' lang='lat' dir='ltr'><strong>formae,</strong></span> <span class='ocrx_word' id='word_1_260' title='bbox 991 3612 1032 3671; x_wconf 84' lang='lat' dir='ltr'><strong>cui</strong></span> <span class='ocrx_word' id='word_1_261' title='bbox 1056 3623 1084 3671; x_wconf 83' lang='lat' dir='ltr'><strong>in</strong></span> <span class='ocrx_word' id='word_1_262' title='bbox 1106 3625 1264 3688; x_wconf 72' lang='lat' dir='ltr'><strong>antistropha</strong></span> 
     </span>
     <span class='ocr_line' id='line_1_29' title="bbox 180 3702 1263 3770; baseline 0.005 -17"><span class='ocrx_word' id='word_1_263' title='bbox 180 3703 381 3753; x_wconf 83' lang='lat' dir='ltr'><strong>consuetissimae</strong></span> <span class='ocrx_word' id='word_1_264' title='bbox 398 3702 493 3764; x_wconf 87' lang='lat' dir='ltr'><strong>primae</strong></span> <span class='ocrx_word' id='word_1_265' title='bbox 510 3704 605 3751; x_wconf 80' lang='lat' dir='ltr'><strong>formae</strong></span> <span class='ocrx_word' id='word_1_266' title='bbox 622 3703 749 3753; x_wconf 78' lang='lat' dir='ltr'><strong>decimius</strong></span> <span class='ocrx_word' id='word_1_267' title='bbox 765 3707 909 3767; x_wconf 82' lang='lat' dir='ltr'><strong>respondet.</strong></span> <span class='ocrx_word' id='word_1_268' title='bbox 950 3708 984 3755; x_wconf 81' lang='lat' dir='ltr'><strong>Er</strong></span> <span class='ocrx_word' id='word_1_269' title='bbox 1006 3708 1108 3770; x_wconf 82' lang='lat' dir='ltr'><strong>quidem</strong></span> <span class='ocrx_word' id='word_1_270' title='bbox 1131 3711 1194 3758; x_wconf 87' lang='lat' dir='ltr'><strong>lraec</strong></span> <span class='ocrx_word' id='word_1_271' title='bbox 1215 3710 1263 3759; x_wconf 84' lang='lat' dir='ltr'><strong>ill&#39;e</strong></span> 
     </span>
     <span class='ocr_line' id='line_1_30' title="bbox 180 3787 1261 3858; baseline 0.006 -20"><span class='ocrx_word' id='word_1_272' title='bbox 180 3788 341 3852; x_wconf 76' lang='lat' dir='ltr'><strong>sagacissime</strong></span> <span class='ocrx_word' id='word_1_273' title='bbox 358 3787 481 3850; x_wconf 87' lang='lat' dir='ltr'><strong>disputat:</strong></span> <span class='ocrx_word' id='word_1_274' title='bbox 509 3788 667 3851; x_wconf 84' lang='lat' dir='ltr'><strong>„Correptio</strong></span> <span class='ocrx_word' id='word_1_275' title='bbox 690 3800 747 3838; x_wconf 89' lang='lat' dir='ltr'><strong>ante</strong></span> <span class='ocrx_word' id='word_1_276' title='bbox 769 3805 814 3854; x_wconf 81' lang='grc' dir='ltr'><strong>μα</strong></span> <span class='ocrx_word' id='word_1_277' title='bbox 839 3801 864 3841; x_wconf 92' lang='lat' dir='ltr'><strong>et</strong></span> <span class='ocrx_word' id='word_1_278' title='bbox 886 3790 947 3858; x_wconf 80' lang='grc' dir='ltr'><strong>μπλ</strong></span> <span class='ocrx_word' id='word_1_279' title='bbox 963 3795 1070 3843; x_wconf 79' lang='lat' dir='ltr'><strong>fortasse</strong></span> <span class='ocrx_word' id='word_1_280' title='bbox 1090 3810 1121 3844; x_wconf 87' lang='lat' dir='ltr'><strong>eo</strong></span> <span class='ocrx_word' id='word_1_281' title='bbox 1137 3796 1261 3845; x_wconf 77' lang='lat' dir='ltr'><strong>uindicari</strong></span> 
     </span>
     <span class='ocr_line' id='line_1_31' title="bbox 177 3871 1260 3941; baseline 0.006 -18"><span class='ocrx_word' id='word_1_282' title='bbox 177 3873 268 3936; x_wconf 88' lang='lat' dir='ltr'><strong>possit,</strong></span> <span class='ocrx_word' id='word_1_283' title='bbox 292 3871 358 3934; x_wconf 87' lang='lat' dir='ltr'><strong>quod</strong></span> <span class='ocrx_word' id='word_1_284' title='bbox 376 3872 521 3922; x_wconf 85' lang='lat' dir='ltr'><strong>recentioris</strong></span> <span class='ocrx_word' id='word_1_285' title='bbox 540 3872 597 3922; x_wconf 80' lang='lat' dir='ltr'><strong>nevi</strong></span> <span class='ocrx_word' id='word_1_286' title='bbox 616 3872 723 3941; x_wconf 79' lang='lat' dir='ltr'><strong>Graeci,</strong></span> <span class='ocrx_word' id='word_1_287' title='bbox 751 3875 806 3938; x_wconf 84' lang='lat' dir='ltr'><strong>qui,</strong></span> <span class='ocrx_word' id='word_1_288' title='bbox 830 3880 1037 3938; x_wconf 82' lang='lat' dir='ltr'><strong>quemadmodum</strong></span> <span class='ocrx_word' id='word_1_289' title='bbox 1061 3878 1170 3929; x_wconf 81' lang='lat' dir='ltr'><strong>ostendit</strong></span> <span class='ocrx_word' id='word_1_290' title='bbox 1188 3881 1260 3930; x_wconf 85' lang='lat' dir='ltr'><strong>Her·</strong></span> 
     </span>
     <span class='ocr_line' id='line_1_32' title="bbox 177 3940 1261 4028; baseline 0.007 -22"><span class='ocrx_word' id='word_1_291' title='bbox 177 3972 279 4006; x_wconf 76' lang='lat' dir='ltr'><strong>manitus</strong></span> <span class='ocrx_word' id='word_1_292' title='bbox 304 3960 335 4005; x_wconf 85' lang='lat' dir='ltr'><strong>de</strong></span> <span class='ocrx_word' id='word_1_293' title='bbox 352 3957 457 4005; x_wconf 87' lang='lat' dir='ltr'><strong>Emend.</strong></span> <span class='ocrx_word' id='word_1_294' title='bbox 478 3960 522 4006; x_wconf 80' lang='lat' dir='ltr'><strong>Gr.</strong></span> <span class='ocrx_word' id='word_1_295' title='bbox 542 3960 586 4006; x_wconf 84' lang='lat' dir='ltr'><strong>Gr.</strong></span> <span class='ocrx_word' id='word_1_296' title='bbox 604 3940 693 4022; x_wconf 68' lang='lat' dir='ltr'><strong>pil,</strong></span> <span class='ocrx_word' id='word_1_297' title='bbox 720 3970 830 4012; x_wconf 71' lang='lat' dir='ltr'><strong>reticem</strong></span> <span class='ocrx_word' id='word_1_298' title='bbox 852 3964 1039 4012; x_wconf 79' lang='lat' dir='ltr'><strong>cormonantium</strong></span> <span class='ocrx_word' id='word_1_299' title='bbox 1060 3962 1110 4012; x_wconf 83' lang='lat' dir='ltr'><strong>rim</strong></span> <span class='ocrx_word' id='word_1_300' title='bbox 1133 3960 1261 4028; x_wconf 77' lang='lat' dir='ltr'><strong>integram</strong></span> 
     </span>
     <span class='ocr_line' id='line_1_33' title="bbox 177 4027 1260 4112; baseline 0.008 -19"><span class='ocrx_word' id='word_1_301' title='bbox 177 4046 290 4093; x_wconf 74' lang='lat' dir='ltr'><strong>adhunc</strong></span> <span class='ocrx_word' id='word_1_302' title='bbox 308 4043 375 4090; x_wconf 88' lang='lat' dir='ltr'><strong>diem</strong></span> <span class='ocrx_word' id='word_1_303' title='bbox 401 4055 592 4106; x_wconf 81' lang='lat' dir='ltr'><strong>conservarunt,</strong></span> <span class='ocrx_word' id='word_1_304' title='bbox 619 4027 739 4094; x_wconf 73' lang='lat' dir='ltr'><strong>consonas</strong></span> <span class='ocrx_word' id='word_1_305' title='bbox 764 4056 809 4112; x_wconf 80' lang='grc' dir='ltr'><strong>μπ</strong></span> <span class='ocrx_word' id='word_1_306' title='bbox 835 4054 885 4094; x_wconf 83' lang='lat' dir='ltr'><strong>tem</strong></span> <span class='ocrx_word' id='word_1_307' title='bbox 912 4050 1003 4098; x_wconf 88' lang='lat' dir='ltr'><strong>leniter</strong></span> <span class='ocrx_word' id='word_1_308' title='bbox 1026 4050 1207 4112; x_wconf 81' lang='lat' dir='ltr'><strong>pronuncient,</strong></span> <span class='ocrx_word' id='word_1_309' title='bbox 1231 4062 1260 4102; x_wconf 89' lang='lat' dir='ltr'><strong>ut</strong></span> 
     </span>
     <span class='ocr_line' id='line_1_34' title="bbox 175 4127 1262 4204; baseline 0.01 -29"><span class='ocrx_word' id='word_1_310' title='bbox 175 4129 319 4177; x_wconf 79' lang='lat' dir='ltr'><strong>Latinorum</strong></span> <span class='ocrx_word' id='word_1_311' title='bbox 337 4127 352 4174; x_wconf 77' lang='lat' dir='ltr'><em>b</em></span> <span class='ocrx_word' id='word_1_312' title='bbox 369 4137 394 4175; x_wconf 89' lang='lat' dir='ltr'><strong>et</strong></span> <span class='ocrx_word' id='word_1_313' title='bbox 412 4140 429 4175; x_wconf 96' lang='grc' dir='ltr'><strong><em>ν</em></strong></span> <span class='ocrx_word' id='word_1_314' title='bbox 443 4142 489 4190; x_wconf 87' lang='lat' dir='ltr'><strong>per</strong></span> <span class='ocrx_word' id='word_1_315' title='bbox 506 4128 564 4178; x_wconf 81' lang='lat' dir='ltr'><strong>illas</strong></span> <span class='ocrx_word' id='word_1_316' title='bbox 581 4129 665 4178; x_wconf 87' lang='lat' dir='ltr'><strong>literas</strong></span> <span class='ocrx_word' id='word_1_317' title='bbox 691 4131 718 4178; x_wconf 91' lang='lat' dir='ltr'><strong>iu</strong></span> <span class='ocrx_word' id='word_1_318' title='bbox 742 4146 786 4180; x_wconf 82' lang='lat' dir='ltr'><strong>sno</strong></span> <span class='ocrx_word' id='word_1_319' title='bbox 811 4132 896 4194; x_wconf 80' lang='lat' dir='ltr'><strong>lingua</strong></span> <span class='ocrx_word' id='word_1_320' title='bbox 921 4134 1044 4196; x_wconf 79' lang='lat' dir='ltr'><strong>reddant,</strong></span> <span class='ocrx_word' id='word_1_321' title='bbox 1069 4137 1148 4185; x_wconf 80' lang='lat' dir='ltr'><strong>veluti</strong></span> <span class='ocrx_word' id='word_1_322' title='bbox 1174 4136 1262 4204; x_wconf 67' lang='lat' dir='ltr'><strong>barhes</strong></span> 
     </span>
     <span class='ocr_line' id='line_1_35' title="bbox 174 4205 1258 4290; baseline 0.009 -28"><span class='ocrx_word' id='word_1_323' title='bbox 174 4205 333 4280; x_wconf 70' lang='grc' dir='ltr'><strong><em>μνιιὲμμπα,</em></strong></span> <span class='ocrx_word' id='word_1_324' title='bbox 352 4212 454 4278; x_wconf 77' lang='lat' dir='ltr'><strong>bombyx</strong></span> <span class='ocrx_word' id='word_1_325' title='bbox 471 4205 618 4279; x_wconf 77' lang='grc' dir='ltr'><strong><em>μπόμβυξ,</em></strong></span> <span class='ocrx_word' id='word_1_326' title='bbox 640 4214 746 4267; x_wconf 70' lang='lat' dir='ltr'><strong>verbnm</strong></span> <span class='ocrx_word' id='word_1_327' title='bbox 762 4217 948 4287; x_wconf 78' lang='grc' dir='ltr'><strong><em>μπερμπένα,</em></strong></span> <span class='ocrx_word' id='word_1_328' title='bbox 967 4213 1258 4290; x_wconf 15' lang='grc' dir='ltr'><strong>ὀασιίααίμποὺκκινα.</strong></span> 
     </span>
    </p>
   </div>
   <div class='ocr_carea' id='block_1_3' title="bbox 950 4430 964 4473">
    <p class='ocr_par' dir='ltr' id='par_1_4' title="bbox 950 4430 964 4473">
     <span class='ocr_line' id='line_1_36' title="bbox 950 4430 964 4473; baseline 0 0"><span class='ocrx_word' id='word_1_329' title='bbox 950 4430 964 4473; x_wconf 64' lang='lat'><strong>⁵,</strong></span> 
     </span>
    </p>
   </div>
   <div class='ocr_carea' id='block_1_4' title="bbox 0 0 1344 4816">
    <p class='ocr_par' dir='ltr' id='par_1_5' title="bbox 0 0 1344 4816">
     <span class='ocr_line' id='line_1_37' title="bbox 0 0 1344 4816; baseline 0 7"><span class='ocrx_word' id='word_1_330' title='bbox 0 0 1344 4816; x_wconf 95' lang='lat' dir='ltr'><strong> </strong></span> 
     </span>
    </p>
   </div>
  </div>
 </body>
</html>
