2678 4816
275 345 863 455 „foanraosoononans
1066 368 1130 436 159
1223 426 1225 434 .

56 585 91 624 ac
119 559 292 623 Scbaescrns
321 562 494 636 scripserunt
523 549 586 619 ἐπ’.
607 553 763 640 αῗγιαλόν,
792 553 890 637 ἄκραν
917 559 1073 622 relerentes
1093 564 1131 626 ad

51 686 179 742 >sequeus
208 659 320 724 ἑστίαν.
374 661 434 722 Sed
463 665 588 737 primum
617 663 687 737 quid
716 674 760 723 est
787 664 901 723 tandem
923 657 1002 745 ἄκρα
1023 659 1137 728 iactu?

47 781 192 829 'extrema
210 767 259 827 rel
279 787 390 825 samm
421 771 498 823 ara?
528 762 574 823 At
597 785 655 823 nou
683 784 791 824 summa
823 786 887 839 pars
914 787 998 839 arae,
1030 786 1131 828 verum

55 879 115 931 'tota
141 892 192 930 ara
208 865 434 928 conseerabatur.
478 865 590 925 Deinde
612 868 730 927 etiamsi·
743 869 890 926 leuissima
905 868 1024 942 {medela
1044 870 1131 928 scribi

56 984 154 1050 posset
183 967 293 1052 ἄκρον,
326 971 366 1029 ita
395 973 480 1035 ntia
500 984 632 1029 extrario
655 971 741 1028 litore
765 989 845 1028 sacra
867 970 968 1028 secisse
989 970 1131 1030 diceretur

56 1073 201 1149 Theseus,
234 1085 327 1132 tamen
355 1071 522 1130 incredibile
549 1081 625 1130 esset
650 1081 708 1129 tam
736 1090 853 1146 prorsus
874 1072 987 1130 facilem
1008 1074 1132 1146 scripur-

57 1198 120 1237 ram
150 1167 245 1255 depos
274 1168 324 1232 ἐπ’
355 1167 491 1252 αῗγιαλόν
521 1193 537 1232 a
562 1175 687 1233 librariis
709 1176 813 1232 mutari
833 1176 960 1249 potuisse
980 1176 1011 1232 iu
1031 1174 1131 1251 talem,
1214 1206 1227 1221 -·

57 1279 187 1354 qualem·
201 1276 312 1335 codices
334 1294 432 1333 omues
465 1273 627 1334 exhibeant.
681 1273 814 1350 Denique
843 1296 910 1334 vero
931 1296 969 1334 ue
987 1276 1132 1336 lucramur

57 1379 175 1456 quidem
203 1377 356 1452 quidquam
384 1370 451 1435 bac¹
465 1386 525 1435 tota
555 1377 767 1454 emendatione,
800 1398 872 1452 qnae
903 1380 1019 1453 insuper
1039 1390 1131 1438 metro

58 1482 170 1541 obstat:
201 1489 297 1537 manet
327 1479 404 1536 euim
434 1480 633 1553 gravissimum
666 1479 793 1555 malum,
824 1478 946 1538 solitudo
975 1481 1131 1554 particulae

58 1576 134 1657 εἴτε,
165 1600 238 1655 quae
265 1581 398 1640 sustineri
427 1581 535 1654 nequit.
586 1578 651 1640 Hoc
676 1580 783 1639 malum
803 1582 968 1654 priusquam
988 1583 1131 1642 sublatum

59 1693 125 1759 est,
142 1702 225 1742 ¹vana
245 1693 331 1757 suut,
360 1701 543 1756 quaecunque
564 1681 600 1739 ad
621 1682 734 1758 singula
753 1682 841 1740 verba
860 1683 1026 1758 corrigenda
1047 1683 1139 1744 fiunt.'

60 1781 179 1845 Vanum
203 1793 248 1842 est
276 1785 351 1842 enim
376 1784 407 1840 iu
434 1784 533 1842 mobili
561 1781 742 1841 fundamento
763 1794 848 1858 atque
869 1785 963 1843 soluto
985 1795 1133 1846 exstmers

58 1887 165 1947 trabes.
209 1884 310 1960 ltaque
330 1887 411 1944 mitto
425 1883 588 1960 Musgravii
601 1879 713 1963 Ἅγρᾶν
734 1885 782 1944 vel
794 1881 894 1964 Ἀρᾶν,
913 1884 1045 1946 Elmsleii
1066 1883 1140 1946 iul-¹

59 2009 133 2069 paor
155 1987 261 2046 atalia
282 1987 402 2046 aliorum
422 1986 535 2062 singula
556 2006 589 2044 ac
616 1978 759 2065 πάρεργα.
804 1984 917 2045 Primus
937 1985 1074 2048 Reiskius
1095 1987 1133 2049 ad

60 2087 264 2149 sublevandam
284 2098 430 2164 aegrotam
450 2088 620 2162 particulam
646 2089 772 2147 animum
799 2090 926 2164 appulit,
955 2089 1007 2149 aed
1033 2092 1141 2150 modc·'

60 2194 131 2251 atior
151 2191 203 2248 ille
225 2189 341 2265 quidem
361 2210 394 2248 ac
419 2191 638 2265 temperantior,
668 2210 756 2264 qumn
781 2199 846 2264 post
876 2184 912 2248 tui
941 2197 1000 2249 παῖ
1024 2193 1133 2267 aliquid

51 2292 204 2352 ‘excidisse
224 2292 361 2351 crederet.
405 2290 501 2372 Quem
522 2312 643 2367 sequens
657 2290 839 2351 Hermaunns
853 2292 955 2351 eodem
969 2292 1032 2352 loco
1051 2296 1133 2370 signa

60 2395 178 2454 lacunae
205 2396 319 2468 posuit,
349 2403 450 2468 putans
477 2394 535 2452 tale
564 2393 633 2468 quid
661 2393 821 2469 excidisse,
852 2397 937 2453 etiam
967 2404 1057 2453 metro
1086 2415 1133 2458 ar·

61 2506 183 2574 guente:
214 2490 270 2554 εἴτε
298 2476 430 2573 ἄλλοθι,
459 2497 500 2554 ita
527 2503 561 2554 ut
587 2514 689 2554 seusus
716 2497 769 2553 sit:
801 2499 861 2554 sive
881 2495 954 2554 alibi
975 2518 1023 2572 es,
1054 2498 1132 2573 oeni,

61 2602 138 2674 oeni,
158 2601 217 2657 aiae
234 2601 267 2656 iu
287 2618 398 2656 suntme
418 2600 517 2672 campi
531 2611 621 2672 purae
636 2596 774 2672 Neptmao
796 2619 880 2656 cram
900 2619 1030 2673 sacrans,
1049 2596 1132 2658 edes.

62 2805 233 2869 sententiam
259 2806 319 2860 aiae
348 2798 422 2863 alibi
457 2800 683 2875 eapraecedere
716 2812 820 2876 posse:
872 2798 927 2860 Est
956 2803 1032 2860 enim
1058 2799 1132 2861 illud

62 2905 144 2981 βᾶθι
170 2897 256 2979 ,toa'
283 2904 416 2962 universe
442 2902 548 2960 dictum
576 2901 631 2960 hoc
658 2922 759 2962 sensu:
788 2906 870 2980 cesai,
900 2907 984 2980 oeni,
1015 2902 1066 2962 udi
1092 2906 1133 2964 ais

62 3026 184 3085 cumque,
227 3003 304 3065 Huic
326 3004 439 3065 demum
459 3004 612 3062 universali
633 3006 787 3063 sententiae
804 3009 948 3081 angrmtior
964 2998 1143 3065 annuntior:

64 3129 120 3184 qne
142 3108 320 3183 sadaiungitur
341 3105 407 3182 bia,
426 3108 567 3181 cormptis
588 3105 720 3182 quidem,
743 3107 855 3165 verbis:
879 3101 936 3166 εἴτ’
961 3099 1057 3187 ἄκραν
1085 3105 1133 3166 lul

63 3201 177 3289 γύαλον
197 3206 238 3271 ἓν.
261 3205 387 3267 Houerd.
410 3208 476 3288 θεῷ
495 3201 596 3266 ἑστίαν
614 3199 720 3285 ἆγιζων
738 3199 911 3285 τυγχάνεις,
931 3204 1012 3268 ἵκου.
1055 3207 1133 3268 Hinc

64 3321 166 3387 sponte
195 3311 367 3385 intelligitur
386 3310 475 3385 priori
500 3310 549 3367 isti
569 3311 725 3369 sententiae
746 3311 873 3386 generali
893 3330 949 3369 nou
969 3330 1054 3385 posse
1074 3312 1134 3372 tale

64 3413 134 3490 qnid
150 3413 294 3488 singulare
316 3393 482 3484 admisceri,
516 3405 570 3470 εἴτε
597 3405 729 3472 ditem.-
759 3431 825 3470 nam
852 3413 975 3470 continet
1003 3412 1056 3471 illa
1075 3414 1135 3472 iam

63 3537 116 3592 per
138 3534 170 3574 se
192 3533 289 3572 onmes
310 3513 439 3590 singulos
459 3514 548 3590 locos,
569 3515 618 3571 ubi
638 3512 767 3574 Theseus
785 3515 892 3572 versari
906 3516 1039 3588 potuerit.
1081 3512 1135 3575 Ad

63 3616 136 3678 baec
152 3618 304 3674 immanem
325 3617 356 3673 in
377 3613 492 3673 modium
512 3616 599 3691 friget
616 3615 690 3674 illud
716 3620 776 3675 sive
802 3613 875 3674 attii
904 3639 951 3693 es,
982 3637 1035 3676 nec
1062 3616 1136 3678 milri

10 3798 12 3805 Ι
62 3719 223 3796 persuadeo
244 3720 357 3792 poetam
377 3726 492 3791 propter
512 3727 571 3775 tam
587 3720 722 3777 miseram
737 3716 953 3778 disiunctionem
970 3737 1055 3795 opera
1069 3740 1136 3796 par·

16 3844 20 3853 ·
62 3822 168 3883 tierrlae
190 3815 246 3880 εἴτε
267 3841 351 3880 usum
371 3819 472 3878 firmae.
515 3817 617 3895 Neque
637 3821 784 3896 probabile
805 3831 867 3893 est,
890 3821 965 3896 quod
982 3820 1136 3887 Doederli·

61 3945 119 3997 uns
141 3918 326 3997 commendat,
348 3915 442 3998 flao',
465 3913 549 3989 el‘;·a’-
564 3915 675 4005 dapar,
696 3924 751 3984 hoc
772 3932 829 4000 est,
846 3918 926 4001 pisid’
947 3919 1016 3984 laea
1037 3944 1077 3999 aa,
1100 3923 1136 3987 el.

14 4062 17 4069 ·
62 4029 141 4094 Nam
170 4029 294 4104 primum
322 4025 397 4085 male
425 4042 539 4098 per-ce
566 4027 735 4103 copulantur
753 4027 833 4104 βᾶθι
853 4035 884 4085 et
901 4021 986 4102 ἵκου,
1016 4044 1138 4102 qarorum

62 4155 124 4197 non
145 4132 266 4192 alterum
287 4128 370 4186 alteri
390 4135 522 4201 tanquam
550 4144 655 4189 novum
683 4127 752 4204 quid
779 4127 907 4203 additur,
939 4127 991 4187 sed
1016 4129 1139 4188 alterum

64 4257 145 4304 cum*
157 4234 248 4303 altero
268 4236 453 4297 commutatur
472 4226 612 4295 necue
633 4230 756 4312 quodam
777 4229 906 4295 utilido.
951 4227 1064 4293 Deinde
1081 4250 1147 4293 non·
