2678 4816
206 369 301 441 aaa
601 312 824 443 oar-un
867 369 924 436 ra
1005 409 1011 418 -

210 563 417 640 Neoptolemo,
445 574 477 623 nt
506 586 601 625 arctim
627 566 801 641 sagittasque
822 562 957 624 Herculis
986 565 1179 645 qualicunque
1198 564 1285 626 mede

210 678 396 742 asportarent.
440 665 547 726 Modus
576 670 657 743 ipse,
695 689 751 742 quo
783 648 865 726 ambo
900 665 951 724 has
980 689 1026 726 res
1057 670 1285 742 preciosissimas

210 772 347 829 facillime
366 771 528 845 auferrent,
560 791 577 828 a
603 772 666 828 solo
690 767 796 846 Ulysse
824 772 1001 844 excogitatus
1027 781 1098 829 erat.
1124 770 1204 831 ‘lam
1229 770 1286 830 lroc

211 894 247 932 ne
269 873 362 930 dicere
384 871 496 946 quidem
512 881 621 945 poterat
637 869 748 930 Chorus
764 871 799 929 ad
813 869 1047 945 Neoptolemum:
1069 876 1097 929 si
1116 894 1180 931 cam
1194 873 1286 938 Atri7

213 974 260 1034 dis
270 979 459 1053 exercituque
471 995 581 1048 graece
598 977 686 1032 sentis
700 976 720 1032 i.
736 995 763 1032 e.
786 975 811 1033 si
833 975 876 1032 vis
891 976 1009 1049 sagittas
1022 973 1158 1034 Herculis
1167 974 1286 1034 Troiam

213 1077 323 1136 afferri:
336 1097 412 1134 nam
433 1077 462 1133 id
483 1097 549 1135 enm
571 1097 688 1150 prorsus
710 1077 834 1134 voluisse
856 1086 883 1134 et
902 1096 954 1150 per
974 1077 1133 1134 seclorum
1155 1088 1213 1150 est,
1245 1080 1287 1137 si·
1325 1136 1329 1149 ,

213 1180 328 1256 quidem
350 1180 431 1236 seivit
452 1181 514 1237 sine
536 1181 648 1254 sagittis
670 1180 734 1236 istis
755 1176 842 1236 llium
863 1199 1005 1252 nrrrrrpram
1023 1179 1161 1255 occidere,
1185 1179 1287 1238 etheo
1312 1152 1331 1243 i

212 1292 257 1341 est
288 1279 529 1341 evidentissimum
556 1291 771 1356 argumentum,
807 1280 883 1354 quaed
916 1301 950 1340 eo
979 1283 1042 1355 ipso
1071 1283 1190 1340 consilio
1219 1302 1286 1340 carru
1326 1268 1330 1273 ⁵

213 1382 324 1460 Ulysse
352 1381 494 1441 Lemnum
524 1385 668 1459 prolectas
695 1392 766 1442 erat.
826 1381 914 1441 Perre
945 1403 997 1441 aec
1024 1402 1139 1444 somnus
1168 1386 1287 1458 potissi·

210 1507 292 1546 enirm
312 1483 491 1544 Philoctetae
520 1484 726 1560 exspectandus
755 1483 873 1558 fnisset,
902 1485 927 1542 si
954 1483 1026 1542 nihil
1047 1485 1186 1543 voluisset
1208 1483 1287 1544 Neo·

211 1589 356 1664 ptolemais
385 1588 440 1646 nisi
468 1607 563 1644 arcum
590 1587 673 1644 illum
703 1589 817 1644 omnino
845 1585 980 1659 adipisci:
1011 1596 1122 1661 poterat
1149 1587 1178 1645 id
1208 1590 1287 1665 onim

214 1702 327 1749 centnm
353 1689 418 1747 aliis
438 1689 531 1746 modis
552 1687 626 1747 fieri.
679 1686 738 1746 Sed
759 1699 820 1745 tum
841 1696 902 1745 erat
931 1687 1096 1747 commodus
1121 1698 1288 1763 exoptatus·

211 1813 270 1867 que
292 1811 408 1849 somnus
434 1792 563 1865 aegroti,
595 1792 620 1847 si
641 1787 846 1864 Neoptolemus
868 1791 897 1846 in
917 1789 1070 1848 artferendo
1092 1804 1158 1849 arcu
1185 1789 1289 1868 Ulysso‘

213 1893 428 1952 assentiebatur.
472 1893 499 1949 ls
524 1895 600 1950 enim
629 1891 779 1966 dispiciens
802 1889 987 1949 Philoctetam
1018 1911 1111 1965 aeque
1141 1893 1287 1952 blanditiis

144 2045 147 2051 .
215 1995 367 2056 adductum
400 2014 492 2067 neque
520 1997 548 2052 si
571 1998 698 2054 coiietum
719 1995 773 2066 iri,
803 2005 834 2051 ut
862 2014 938 2051 arrna
970 2014 1021 2051 stra
1042 1995 1097 2052 sibi
1120 1995 1288 2054 concederet

215 2104 265 2171 [v.
291 2102 384 2170 163]‚
407 2097 556 2154 eonsilium
578 2096 695 2155 dederat
716 2094 783 2152 dolo
806 2115 838 2153 ac
868 2095 1043 2154 frarrdatione
1076 2097 1169 2154 arnaria
1199 2097 1286 2171 perli-

213 2199 305 2260 ciendi
330 2204 377 2270 [s.
402 2204 453 2270 ⁵4,
476 2202 526 2258 55.
549 2205 603 2274 77,
625 2204 678 2257 78.
703 2201 796 2267 101].
840 2195 939 2272 ltaque
959 2196 1029 2256 lraec
1045 2200 1139 2272 potius
1156 2202 1285 2272 quaestio

138 2378 141 2385 Ι
214 2315 291 2378 erat,
325 2312 417 2359 utrrnn
439 2300 642 2374 Neoptolemus
662 2296 791 2358 isthanc
816 2298 930 2376 Ulyssis
956 2304 1126 2358 scatentium
1154 2298 1286 2360 discede·

212 2420 277 2464 ret.-
299 2403 377 2478 qnod
395 2405 420 2461 si
442 2414 528 2478 esset,
563 2402 663 2460 adesse
685 2412 797 2474 tempus
818 2401 896 2459 illius
918 2400 1142 2476 persequendae.
1185 2400 1285 2479 Atque

213 2506 269 2569 hoc
297 2506 366 2564 dicit
388 2502 510 2564 Chorus.
553 2502 617 2561 Etsi
647 2506 793 2577 serprentia
820 2504 971 2561 ostendunt
989 2501 1209 2577 Neoptolemum
1240 2527 1286 2581 re·

213 2608 369 2669 formidare
391 2605 463 2665 hanc
488 2605 590 2680 agendi
619 2591 775 2679 rationem,
806 2607 887 2663 cuius
907 2605 1004 2664 arrctor
1025 2603 1150 2682 Ulysses
1179 2607 1285 2679 furerat,

148 2736 151 2741 ·
215 2731 307 2786 neque
335 2709 444 2784 sagittis
472 2705 648 2766 Philoctetae
679 2708 765 2783 potiri
791 2707 869 2766 velle
896 2709 952 2765 nisi
979 2709 1054 2766 iusta
1081 2718 1167 2783 atquae
1196 2707 1285 2769 hone·

215 2823 261 2872 sta
279 2814 337 2870 ria.
678 2812 681 2817 ’
712 2878 715 2885 Ι

300 2911 361 2972 Iam
382 2932 451 2971 vero
473 2905 588 2972 arroasia
609 2822 738 2988 progr
760 2905 856 2970 αὐτὰν
882 2911 963 2970 mdlo
991 2921 1072 2986 paeto
1094 2912 1200 2970 denum
1228 2922 1283 2972 est.

216 3015 313 3096 eram
333 3017 514 3090 asperitatem
533 3035 616 3074 uerno
643 3035 764 3088 rrrrqnam
786 3015 906 3087 scriptor
934 3034 1052 3089 graecus
1073 3035 1131 3072 nou
1157 3016 1285 3090 evitavit,

214 3139 308 3193 neque
340 3115 514 3176 Buttrnanno
545 3116 715 3175 credendum
745 3125 790 3174 est
811 3107 985 3194 θάτερον
1007 3113 1106 3190 Ettrip.
1136 3114 1200 3176 lon.
1223 3122 1284 3177 848

214 3244 281 3281 esse
302 3243 353 3296 pro
375 3215 427 3279 τὸν
447 3215 564 3296 i'eapov3
593 3218 644 3277 sed
672 3228 716 3279 est
744 3219 871 3276 netrtrins
898 3219 1011 3293 generis
1041 3239 1092 3291 pro
1114 3212 1148 3277 τὸ
1172 3212 1283 3298 ἕτερον.

215 3322 311 3382 Etiam
339 3315 474 3399 θάτερας
498 3341 550 3395 pro
581 3310 596 3380 ὅ
626 3313 726 3394 i'rspog
747 3318 822 3393 apud
844 3321 967 3377 seriores
996 3330 1106 3378 tantum
1132 3340 1165 3378 ac
1193 3322 1285 3379 malos

214 3427 366 3499 scriptores
387 3424 547 3498 invenitur3
576 3421 673 3480 conier
704 3417 843 3479 Valclscn·
875 3420 910 3478 ad
939 3419 1009 3479 Eur.
1041 3419 1131 3496 Hipp.
1165 3428 1228 3482 349
1257 3433 1286 3482 et

214 3525 308 3587 Picis.
332 3525 368 3584 ad
389 3522 484 3584 Meet.
513 3546 543 3600 p.
567 3528 640 3583 432.
684 3519 810 3582 Necesse
839 3533 882 3580 est
910 3525 996 3598 igitur
1024 3525 1164 3598 scribatur
1193 3518 1285 3584 ταύ-

214 3651 297 3688 ταν.
340 3626 379 3685 Et
399 3637 494 3685 tamen
514 3646 552 3685 ne
573 3627 666 3700 ipsum
688 3624 803 3698 quidem
824 3621 871 3682 lric
891 3625 983 3682 locum
1005 3623 1110 3684 habere
1131 3637 1237 3702 potest,
1260 3629 1285 3686 si

213 3731 337 3807 legimus
360 3724 393 3789 ὃν
422 3724 573 3803 arid'cipron.
628 3725 703 3788 Nam
730 3746 822 3801 neque
850 3729 978 3801 sequitur
1005 3748 1097 3801 neeprc
1130 3729 1285 3802 praecedit,

215 3855 272 3909 quo
290 3826 405 3892 ταύταν
425 3822 548 3910 γνώμαν
569 3828 670 3886 referri
692 3839 793 3902 queat,
823 3839 851 3887 et
870 3828 1025 3886 absurdum
1046 3840 1089 3887 est
1110 3829 1286 3889 dernonstra·

215 3939 305 3995 timim
342 3934 459 4009 adesse,
497 3932 562 4004 nbi,
611 3929 687 4004 quod
723 3929 950 4005 demonstretur,
993 3951 1050 3988 tren
1086 3931 1176 3989 adest.
1228 3929 1308 3990 Ita-⁰

215 4058 272 4113 qne
293 4056 442 4119 perperam
462 4031 633 4108 Wunderus
654 4035 684 4090 in
706 4043 815 4091 textum
837 4033 888 4091 illa
909 4033 1032 4106 recepit,
1056 4024 1149 4090 niodo
1170 4028 1231 4112 γὰρ
1253 4027 1287 4093 iiv

216 4135 379 4214 addiderat,
409 4135 437 4196 ei
462 4128 577 4196 sedeas
604 4127 702 4215 τούτῳ
733 4126 989 4213 γνώμανῖσχαςε
1021 4154 1094 4208 qrrae
1125 4136 1177 4210 qni
1202 4136 1286 4213 legit,

214 4241 282 4303 {ieri
301 4261 357 4302 aon
378 4248 487 4316 potest,
516 4239 585 4314 quiin
603 4249 739 4312 quaerat:
765 4257 910 4317 ᾳαααιααν
929 4229 1056 4316 praeripia?
1099 4233 1135 4294 In
1162 4236 1210 4296 lris
1236 4230 1287 4297 sir·

1117 4504 1140 4539 J*
