2678 4816
375 394 600 466 ossnlrns
630 392 914 465 COLONEUS.
1128 395 1193 464 153

116 586 326 665 assequardae'
340 593 432 651 nubis'
451 601 481 652 et
510 593 680 669 assequendi
717 595 878 656 certaminis
908 615 973 656 esse
1008 594 1193 674 significaret,

118 692 289 772 particulam
314 689 357 754 dt.
416 694 504 772 Quod
529 716 623 771 neque
650 694 754 756 Latina
783 718 876 772 neque
903 701 1055 760 vernacula
1086 701 1195 778 lingna,

118 797 212 858 multo
239 799 401 872 egentiores
430 799 500 857 illae
528 798 642 872 quidem
671 819 706 880 ac
733 801 935 873 particularum
963 804 1195 879 negligentiores,

118 898 308 975 d'utingnnnt.
358 898 495 980 Denique
516 899 675 976 Sophocles
705 903 820 978 linguae
840 924 912 964 snae
932 905 1128 964 consuetudini
1148 907 1198 963 in-

118 1000 223 1062 dulsit.
266 1000 364 1082 Quum
385 1005 461 1062 enim
481 1006 596 1078 proprie
616 1027 673 1065 non
693 1007 756 1080 ipse
774 1004 871 1082 homo,
891 1007 943 1065 sed
964 1009 1025 1067 eius
1045 1007 1121 1066 oculi
1144 1007 1199 1065 ali·

118 1102 193 1180 qnid
213 1105 394 1182 intueantur,
423 1105 459 1164 ad
481 1109 638 1166 subiectum
668 1101 740 1186 lysi,
772 1107 847 1182 quod
868 1109 940 1168 latet
959 1111 989 1167 in
1010 1099 1198 1187 θεωρήσασα

118 1197 269 1285 admouet
297 1229 351 1282 per
373 1211 578 1283 appositionem
599 1211 813 1270 usitatissimam
835 1210 944 1270 addidit
968 1205 1082 1288 τούμὸν
1101 1203 1197 1288 ὄμμα,

119 1308 207 1369 ,cuins
234 1308 389 1385 beneficio,
417 1314 442 1370 si
470 1311 615 1388 licuisset,
653 1310 768 1373 Chorus
795 1314 937 1388 proelium
965 1324 1042 1373 esset
1068 1315 1200 1375 inanius.
1308 1340 1312 1348 ·

119 1405 222 1470 Huius
242 1404 399 1488 σχήματος
418 1408 591 1474 καθ”ὅλον
613 1412 663 1473 καὶ
684 1408 762 1474 κατὰ
783 1411 887 1494 μέρος,
909 1416 986 1492 qnod
1006 1427 1117 1493 vocant,
1140 1424 1200 1474 tam

121 1511 344 1576 innumerabilia
363 1516 441 1590 apud
462 1513 589 1577 Graecos
610 1518 742 1592 exempla
767 1527 900 1594 exstant,
917 1530 950 1578 ut
975 1518 1143 1578 incredibile
1162 1518 1200 1576 sit

123 1617 252 1675 ommam
272 1618 459 1693 interpretum
481 1620 575 1679 solum
596 1617 806 1679 Doederlinum
826 1620 903 1706 illud
924 1620 1058 1680 hocloco
1079 1619 1200 1680 vidisse.

124 1713 201 1776 Vid
219 1715 328 1780 Mattlr.
347 1741 392 1797 gr.
416 1719 539 1800 §.389‚
560 1719 591 1781 b.
615 1716 643 1800 ξ.
660 1726 741 1797 421,
763 1721 859 1783 Anna.
877 1728 907 1783 3.
931 1720 1053 1800 pm,
1076 1730 1106 1782 3.
1137 1718 1202 1796 Op·

123 1822 360 1894 portianissimum
389 1825 554 1900 exemplum
582 1835 644 1899 est,
673 1824 749 1898 qnod
769 1822 964 1884 Doederlinns
992 1827 1060 1885 citat
1081 1845 1119 1884 ex
1139 1821 1205 1884 Ae·

119 1920 564 2003 ammunitionem,
590 1922 669 2004 μηδὲ
698 1919 881 2007 κρεισσόνων
910 1927 992 1986 θεῶν
1021 1921 1098 2008 ἔρως
1119 1919 1204 2007 cirpea

121 2045 200 2085 κτον
220 2019 307 2103 ὄμμα
335 2021 547 2108 προςδέρκοιτό
572 2049 622 2106 με.
665 2020 818 2088 Habemus*
835 2040 931 2088 autem
951 2050 1026 2088 nnnc
1046 2049 1097 2103 ca,
1130 2046 1206 2103 qnae

123 2123 288 2203 Sophocles
308 2132 438 2206 scripsit,
468 2132 554 2206 plana
577 2153 610 2190 ac
631 2135 781 2207 perspicua
810 2131 864 2192 hoc
886 2153 989 2192 sensu:
1018 2135 1130 2190 annum
1151 2152 1206 2189 rn-

117 2229 203 2308 pr‘clu
222 2231 377 2292 celmvoln
397 2232 529 2294 columba
550 2231 713 2293 aetheream
732 2232 837 2294 narbam
850 2257 993 2314 assequar
1006 2249 1093 2313 atqua
1107 2237 1206 2308 ipsum

122 2347 274 2394 mauman
293 2337 385 2396 oculis
405 2340 476 2395 meis
495 2340 622 2396 intuear.
645 2373 689 2385 -
716 2334 784 2397 Scio
805 2359 861 2396 non
883 2338 1031 2397 defuturos
1053 2356 1134 2409 esse,
1155 2338 1206 2410 qni

123 2435 287 2496 affectatam
307 2438 381 2498 hanc
401 2438 562 2514 explicandi
578 2441 634 2498 loci
653 2443 792 2499 rationem
809 2450 895 2515 atque
917 2450 1073 2498 contortam
1090 2448 1205 2498 vocent:

124 2548 224 2599 tamn
249 2550 309 2599 tota
331 2538 506 2600 Graecorum
528 2543 723 2601 consuetudini
744 2543 880 2617 loquendi
901 2527 959 2601 tam
980 2543 1126 2616 praeclare
1155 2561 1206 2600 re·

123 2641 266 2717 spondet,
296 2654 330 2702 nt
355 2663 391 2704 eo
420 2646 511 2727 magis
539 2646 577 2703 ait
603 2645 817 2719 amplectenda,
849 2665 905 2720 quo
936 2646 1061 2729 aarrctior
1090 2644 1140 2722 lex
1162 2652 1209 2705 est

126 2749 225 2805 onmia
242 2766 372 2821 quaeque
391 2746 536 2822 tentandi,
567 2748 732 2823 prinsquam
759 2748 841 2808 luens
870 2768 922 2821 pro
951 2756 1082 2822 corrrrpto
1103 2744 1209 2806 habea·
1249 2797 1253 2803 .

127 2858 186 2908 tnr.
239 2845 347 2908 Ultima
375 2851 432 2908 isla
460 2851 613 2909 verborum
641 2842 755 2925 τούμὸν
785 2841 871 2925 ὄμμα
893 2850 1048 2924 explicatio
1068 2848 1209 2923 exemplis

129 2951 240 3009 mnnita
262 2961 316 3010 cst.
359 2949 420 3011 Nec
439 2951 554 3026 dubito,
586 2953 654 3026 quin
681 2953 768 3009 etiam
797 2950 833 3010 ad
860 2953 971 3025 priores
993 2951 1064 3010 duaa
1085 2953 1211 3009 rationes

78 2982 87 3099 l
131 3052 339 3112 continuandas
366 3055 487 3129 quilibet
514 3055 697 3128 scriptoribus
730 3054 839 3130 graecis
867 3053 1040 3112 santiliarior
1069 3052 1210 3126 permulta

136 3156 267 3231 exempla
288 3158 318 3214 in
337 3167 451 3231 promtu
473 3154 585 3215 habeat.
629 3153 726 3214 Metro
747 3160 815 3215 tero
838 3154 874 3213 ad
896 3155 1093 3229 corrigendum
1114 3155 1210 3216 locum

137 3276 193 3316 non
213 3278 340 3317 moveor.
393 3258 480 3336 Quod
501 3260 630 3334 quamvis
652 3269 760 3317 certum
787 3260 844 3332 sit,
874 3267 969 3316 tamen
990 3258 1130 3330 scriptura
1151 3250 1211 3315 αὖ-

139 3359 197 3419 τῶν
215 3354 250 3420 δ’
273 3362 359 3419 etiam
379 3364 484 3421 certior
504 3371 534 3420 et
554 3362 679 3419 omnium
699 3362 836 3419 librorum
858 3361 1007 3419 auctoritas
1029 3361 1116 3418 etiam
1146 3379 1213 3435 gra·

78 3506 80 3511 -
142 3463 200 3521 viar
217 3472 321 3523 metro.
364 3459 478 3523 Verum
499 3475 543 3522 cst
564 3463 679 3538 quidem
700 3462 966 3522 secundamvarsus
984 3462 1097 3522 iambici
1112 3457 1212 3521 sedem

145 3583 239 3636 parurn
258 3566 385 3624 iambum
405 3565 586 3637 desiderare,
609 3574 723 3624 atvero
746 3568 832 3624 etiam
852 3586 905 3640 pro
926 3565 977 3623 tali
998 3564 1113 3640 agnosci
1127 3582 1215 3637 posse

148 3666 371 3743 mtistropbicum
392 3664 519 3743 διπλᾶς,
551 3666 629 3742 qnod
651 3688 685 3726 ea
705 3687 763 3728 vox
784 3669 907 3742 primam
928 3668 1078 3741 ancipitem
1099 3664 1215 3742 habeat,

150 3775 232 3829 tamen
252 3771 383 3829 lectionis
402 3764 504 3829 αὐτῶν
524 3764 571 3844 δ’,
598 3791 672 3844 quiae
699 3772 784 3828 etiam
805 3771 902 3829 sensui
924 3767 1215 3827 accommodatissima

151 3879 196 3944 est,
213 3872 334 3932 firmitas
356 3892 390 3933 ac
407 3875 578 3948 praestantia
597 3893 645 3931 me
666 3872 790 3948 adducit,
812 3882 844 3929 nt
862 3889 962 3930 versus
988 3877 1065 3930 10:15
1085 3880 1113 3928 et
1132 3876 1215 3928 tona

154 3985 194 4030 tut
210 3994 247 4034 ex
266 3976 394 4034 molosso
413 3986 443 4034 et
463 3977 578 4050 epitrito
599 3976 694 4048 primo
717 3986 846 4032 constare
867 3985 975 4047 putem,
998 3982 1047 4030 ant
1064 3992 1116 4046 pro
1132 3968 1216 4029 Ana·

156 4079 280 4138 amireis
300 4076 439 4154 babeam,
460 4079 497 4137 de
519 4080 622 4152 curibus
649 4076 784 4136 ridendus
804 4074 986 4135 Hermannus
1008 4072 1100 4133 Elem.
1122 4072 1216 4136 doctr.

157 4187 227 4240 metr·
253 4202 284 4255 p.
301 4186 366 4241 473
391 4202 456 4257 sqq.
510 4179 553 4239 Ita
582 4180 801 4255 supersedemus
832 4179 1003 4236 correctione
1029 4178 1217 4251 interpretum

158 4274 252 4360 tdrd’,
271 4302 348 4360 qnae
366 4282 438 4345 milti
459 4284 576 4362 insuper
596 4303 633 4343 ne
653 4292 720 4360 apta
741 4280 857 4359 quidem
878 4298 942 4343 essa
960 4278 1085 4342 videtur.
