2678 4816
474 342 845 413 ANTIGONA.
1168 349 1191 416 9

119 544 265 621 gationcm
285 540 459 600 admittant.¹
493 539 581 619 erod
608 562 695 616 quum
720 542 778 600 iam
798 562 850 617 per
870 562 903 601 se
922 542 1005 603 valde
1025 553 1189 619 suspectum

120 650 160 707 ait
187 646 338 704 lourtiouis
366 645 485 703 alicuius
513 644 569 702 duo
596 644 790 702 tantumnodo
820 647 951 720 exempla
979 646 1116 721 inveniri,
1155 644 1190 703 fit

118 745 174 807 loc
194 749 281 806 etiam
301 747 460 820 suspectius
489 748 553 820 ipso
580 767 635 805 usu
661 743 799 805 Platonis.
851 746 925 807 Nam
954 750 1078 823 primum
1105 745 1189 805 Plato

119 869 265 924 nunquam
285 859 402 923 usurpat
423 848 506 925 πῶς,
528 843 574 923 τί,
594 858 700 907 mutato
721 858 771 908 aut
789 870 893 926 genere
915 861 963 909 aut
984 871 1065 923 casu,
1087 850 1189 926 igitur·

119 972 176 1028 que
197 972 250 1010 nee
271 951 337 1008 dicit
358 950 438 1022 πῶς,
468 946 551 1024 τίνα,
575 971 627 1008 uec
657 950 736 1025 πῶς,
767 949 847 1023 τίνος
873 953 922 1013 vel
941 953 1006 1024 πῶς
1011 996 1023 1025 ,
1052 948 1109 1010 τίνι
1141 949 1189 1010 vel

119 1052 202 1129 πῶς,
224 1049 308 1123 τίνας
326 1053 374 1112 vel
394 1052 450 1110 alia
471 1049 643 1116 luriusmodi.
685 1054 765 1134 Quin
785 1075 822 1113 ne
844 1046 977 1134 ἀνάλογα
998 1053 1112 1130 (pridem
1133 1052 1188 1110 ob-

119 1157 166 1215 ria
184 1164 270 1227 suut,
291 1164 324 1212 ut
343 1153 424 1228 πῶς,
452 1158 538 1211 ποῖον
559 1155 606 1212 vel
629 1156 713 1233 πῶς,
742 1162 813 1215 ποῖα
834 1168 863 1216 et
884 1178 955 1232 quae
976 1166 1123 1232 praeterea
1144 1153 1189 1212 di·

118 1266 220 1317 cuntur
239 1265 346 1314 mutato
368 1276 434 1314 casu
455 1276 487 1314 ac
508 1276 624 1332 genere.
666 1257 705 1317 Et
724 1269 836 1334 tamen,
856 1259 887 1317 id
908 1259 984 1335 quod
1004 1259 1124 1317 alterum
1143 1263 1189 1315 est

118 1369 149 1418 et
170 1357 247 1433 quod
267 1360 325 1416 iam
345 1356 514 1418 Zelrlickius
535 1378 573 1417 ex
591 1370 671 1436 parte
692 1363 801 1419 monuit
807 1406 816 1434 ,
847 1363 1013 1436 saepissime
1039 1360 1188 1419 inveniun-

118 1469 185 1536 tur,
215 1462 321 1518 inserta
342 1460 461 1534 copula,
493 1458 581 1520 haec:
609 1462 673 1532 πῶς
694 1456 732 1540 δὴ
754 1460 804 1520 καὶ
826 1459 1026 1540 riarum-mig
1046 1459 1096 1520 ’καὶ
1117 1457 1187 1534 τίνι,

119 1554 305 1634 anticaudae
325 1559 375 1620 καὶ
397 1558 476 1637 rc‘ne,
497 1564 568 1620 item
589 1554 743 1642 rivalloyn:
772 1564 836 1635 πῶς
857 1560 895 1643 δὴ
919 1563 969 1623 καὶ
990 1562 1101 1638 ποίων,
1123 1561 1188 1631 πῶς

119 1659 160 1743 δὴ
181 1660 232 1723 καὶ
253 1667 337 1738 ποῖα,
360 1664 424 1734 πῶς
445 1659 483 1740 δὴ
505 1664 612 1723 τοῦτον
628 1663 677 1724 καὶ
696 1659 776 1743 πότε,
795 1667 860 1739 πῶς
874 1664 925 1726 καὶ
943 1660 1018 1748 πρὸς
1034 1663 1079 1742 τί,·
1101 1666 1188 1723 etiam

117 1766 234 1829 inverso
263 1766 377 1839 ordine,
409 1764 498 1825 natac
526 1764 679 1845 καὶπῶς,
711 1776 783 1827 ποῖα
804 1767 853 1829 καὶ
875 1767 949 1846 τίνι,
981 1771 1071 1830 etsie
1091 1786 1187 1841 porro.

120 1866 303 1948 Quinimmo,
330 1867 360 1926 id
387 1867 464 1942 qued
484 1869 613 1942 inprimis
633 1873 822 1946 suspicionem
843 1882 953 1947 movet,
983 1871 1092 1946 pluries
1114 1866 1188 1941 πῶς,

119 1967 152 2031 τί
169 1971 276 2046 legitur
296 1980 402 2028 inritata
428 1970 541 2047 forma,
571 1982 603 2029 ut
632 1973 696 2043 πῶς
724 1968 762 2051 δὴ
790 1972 840 2032 καὶ
863 1970 894 2034 τί
897 2018 909 2047 ,
940 1973 1005 2044 πῶς
1027 1958 1065 2029 αὖ
1087 1966 1138 2027 καὶ
1158 1961 1191 2026 τί

119 2072 220 2146 τοῦτο,
242 2081 272 2130 et
291 2073 432 2130 similiter.
476 2071 596 2152 Quare
617 2074 685 2149 quid
706 2074 848 2134 clircituri
879 2074 1010 2135 Efficitnr
1031 2082 1107 2133 certe
1123 2069 1188 2145 hoc,

118 2174 262 2249 duplicem
280 2174 547 2251 interrogationem,
577 2177 682 2234 inserta
702 2177 821 2254 copula,
851 2197 941 2253 genus
968 2174 1102 2250 loquendi
1124 2190 1188 2231 esse

120 2277 337 2335 auitatissimum
357 2273 491 2353 Platoni,
517 2287 613 2336 contra
634 2276 715 2351 πῶς,
743 2274 775 2336 τί
799 2298 864 2337 esse
891 2279 1015 2337 mirabili
1036 2297 1068 2334 ac
1091 2276 1188 2350 singu·

120 2375 175 2439 lari
196 2377 319 2452 quodam
340 2377 424 2467 modo
444 2377 561 2454 dietum,
582 2381 751 2454 praesertim
772 2401 859 2454 (prum
874 2381 945 2440 alias
961 2379 1091 2454 copulam
1105 2376 1189 2433 omit·

120 2490 182 2539 tere
201 2500 259 2539 non
280 2481 455 2539 consueverit
476 2479 569 2540 l'lato.
611 2479 669 2541 Hic
690 2484 872 2542 temerarium
891 2483 1010 2542 forsitan
1031 2487 1106 2540 esset
1124 2496 1188 2535 mu·

120 2592 183 2643 tare
203 2582 273 2658 qnid
292 2582 370 2642 uelle
396 2584 426 2640 in
455 2583 538 2658 πῶς,
565 2579 611 2660 τί,
640 2585 667 2643 si
694 2586 889 2661 nesciremus,
921 2607 978 2661 quo
1006 2566 1245 2655 exeundum&

120 2686 179 2745 iam
198 2705 267 2745 vero
287 2694 346 2742 tam
365 2687 527 2760 proximum
547 2695 592 2745 est
613 2686 768 2763 effugium,
799 2697 832 2746 ut
858 2708 949 2763 paene
975 2706 1032 2744 non
1059 2685 1096 2742 sit
1117 2681 1189 2741 effia-

121 2788 212 2865 gium.
254 2785 375 2862 Duplex
395 2797 438 2846 est
459 2789 535 2847 enim
557 2788 784 2848 commodissima
803 2791 868 2865 via,
894 2811 948 2863 qua
969 2789 1094 2847 insolens
1116 2781 1190 2843 illud

120 2888 205 2964 πῶς,
227 2884 259 2948 τί
272 2890 402 2949 vitemus.
444 2887 577 2949 Alteram
596 2892 654 2950 iam
674 2890 842 2950 Zehlickius
864 2893 974 2966 aperuit
994 2888 1129 2965 distingui
1144 2888 1190 2944 iu·

103 2991 193 3052 ,bens
216 2991 297 3068 πῶςς
328 2987 361 3050 τί
379 2985 489 3070 λέγεις
519 2988 558 3050 Et
578 2994 620 3051 sic
638 3012 703 3050 cum
722 2990 792 3052 cod.
810 2993 917 3054 Bas.2
947 2991 1107 3051 Ficiuusct
1123 2983 1190 3047 Ste-

121 3091 233 3170 phanus
252 3094 284 3151 ia
303 3094 367 3152 loco
391 3089 554 3168 Sophistae.
596 3092 651 3153 Est
670 3095 701 3152 id
721 3107 779 3154 tam
800 3097 966 3156 couveniens
988 3092 1102 3153 dictioni
1122 3089 1190 3148 Pla·

121 3197 243 3270 tonicae,
264 3205 297 3254 ut
317 3196 367 3254 rix
387 3199 535 3271 qrrisquam
554 3195 621 3255 huie
641 3198 782 3257 scribendi
803 3199 901 3275 generi
916 3217 1011 3256 rarum
1029 3209 1190 3266 novumque

122 3298 205 3372 πῶς,
227 3292 261 3357 τί
275 3298 419 3372 praetura
439 3301 539 3372 possit.
589 3284 737 3359 Videlicet
765 3301 830 3372 πῶς
855 3319 928 3358 nunc
956 3305 1117 3372 separatum
1146 3301 1191 3352 est

122 3419 217 3475 neque
238 3419 303 3458 cum
321 3395 413 3478 λέγεις
433 3401 495 3458 ullo
514 3402 628 3460 viuculo
649 3403 833 3460 coniunctum.
883 3399 929 3459 At
948 3398 1033 3458 habet
1053 3395 1124 3455 haec
1145 3413 1191 3453 ra·

122 3503 164 3561 tio
179 3501 384 3575 aliquantulum
400 3502 567 3560 incommodi
581 3513 741 3581 propterca,
763 3503 840 3577 qaod
852 3503 924 3561 duos
940 3511 1048 3561 tantum
1062 3498 1099 3558 ad
1110 3500 1191 3556 locos

123 3600 253 3663 Platonis
271 3604 406 3678 applicari
424 3614 528 3679 potest,
550 3604 587 3663 ad
606 3607 732 3679 reliques
753 3605 837 3678 plane
857 3624 923 3663 nen.
965 3602 1117 3663 Adeamus
1137 3599 1192 3676 igi·

125 3716 171 3767 tar
192 3705 230 3765 ad
250 3706 370 3765 alteram
389 3708 479 3780 viare,
502 3726 557 3782 qua
578 3708 710 3766 scribitur
731 3706 796 3778 πῶς
816 3728 856 3780 τι,
875 3714 908 3764 ut
929 3707 967 3764 sit
987 3726 1016 3765 τι
1037 3722 1192 3779 pronomen

125 3808 304 3868 indefinitum
322 3807 521 3867 adverbialiter
540 3810 674 3883 positum.
716 3809 802 3889 Quae
822 3811 868 3869 ria
888 3810 1015 3867 salitores
1032 3804 1118 3864 habet
1136 3823 1193 3862 uon

127 3910 366 3970 contemnendosz
404 3910 476 3968 dixit
506 3912 582 3968 enim
608 3913 666 3971 iam
694 3908 884 3972 Butunaanus
915 3912 946 3968 in
973 3907 1096 3970 secrurda
1123 3905 1192 3965 edit.

127 4009 236 4072 Heind.
260 4012 296 4070 ad
315 4010 452 4088 Hippiam
472 4009 545 4070 Mai.
567 4033 597 4086 p.
614 4017 691 4088 179,
719 4013 824 4072 rectius
852 4013 958 4087 ubique
984 4009 1101 4103 rescribi
1130 4005 1194 4075 πῶς

127 4133 176 4189 tr,-
206 4123 292 4187 atque
313 4115 355 4172 sic
374 4116 431 4172 iam
452 4114 600 4174 ediderunt
617 4111 771 4174 Bekkerus
792 4117 822 4173 in
842 4115 907 4173 loco
927 4112 1038 4173 Timaei
1057 4131 1086 4184 p.
1096 4114 1149 4182 22,
1165 4105 1194 4168 B

128 4226 159 4275 et
178 4211 387 4277 Stallbaumios
408 4220 438 4276 in
456 4213 525 4276 lone
545 4237 576 4292 p.
593 4220 666 4292 530,
681 4206 732 4294 A,
769 4215 854 4276 lrabet
874 4216 917 4277 sic
936 4215 1023 4276 etiam
1042 4211 1196 4290 Bipontina
