2678 4816
351 374 855 439 rnrnoorurus
1057 352 1141 442 am

68 572 201 646 probatas
217 590 281 628 esse
300 567 510 643 tvakefiaaio,
531 546 660 642 receptas
675 589 690 626 a
707 565 874 642 Solensem,
890 528 1020 630 ldudataa
1038 590 1054 629 a
1069 559 1142 629 Por·

70 693 152 746 sono,
175 671 297 745 denique
316 673 400 729 etiarn
412 669 529 747 Heynio
546 671 675 728 arrisisse
687 670 723 727 od
738 669 880 746 Apollod.
897 670 921 747 l,
943 679 971 747 9,
996 680 1047 733 21.
1081 671 1141 733 Sed
1231 660 1236 669 ¹

71 794 165 847 necpre
185 775 248 847 ipse
278 768 336 831 Vir
361 793 481 848 magnus
507 771 555 833 hic
580 772 698 830 erimine
723 766 862 851 ἀκρισίας
885 774 1003 833 liberari
1031 785 1141 849 potest:
1242 827 1244 831 ,

73 897 141 935 narn
168 877 262 950 ipsum
286 875 322 934 de
342 873 482 950 Harpyiis
502 866 617 935 arrodat
637 875 807 950 cogitavisse
828 884 913 949 atque
931 874 983 935 has
996 876 1142 937 Erfurdtio

72 990 102 1039 et
115 977 238 1054 Solgero
258 979 298 1036 ita
317 976 560 1052 cornprohavisse,
585 986 616 1034 ut
633 979 833 1050 exciperentur
847 979 882 1035 ab
900 980 955 1055 iis,
977 1001 1034 1038 non
1049 982 1142 1039 minua

72 1101 90 1142 a
110 1081 169 1139 iidc
185 1079 328 1139 abhorret.
371 1077 476 1152 Aeque
492 1080 604 1154 ineptae
625 1090 690 1137 suant
707 1076 839 1137 Gediekii
855 1065 1001 1158 Hamyiae
1020 1075 1143 1141 πλωτά-

76 1181 144 1258 (Ῐες,
166 1193 214 1257 et,
243 1203 280 1241 ne
297 1183 403 1255 multa,
430 1183 525 1254 inepta
546 1191 627 1256 suni,
657 1202 842 1255 quaecunque
870 1182 906 1239 ad
930 1185 1061 1242 animalia
1086 1187 1144 1244 ista

75 1287 168 1344 aliena
190 1294 327 1359 spactant.
374 1281 537 1343 Verissime
558 1285 633 1341 enirn
648 1281 830 1343 Herrnannus
855 1295 950 1343 monet
963 1286 1075 1344 rrnllnnr
1088 1285 1145 1346 hm

75 1409 148 1447 runa-
157 1391 302 1446 nominum
317 1384 464 1462 Harpyias
478 1385 638 1461 aigniiieare
651 1405 748 1461 posse,
764 1386 819 1444 nisi
834 1396 883 1444 aut
897 1407 1001 1445 nomen
1016 1385 1146 1466 Harpyi-

75 1510 158 1548 arum
174 1493 267 1565 ipsum
281 1499 330 1547 aut
349 1486 457 1562 aliquid
478 1486 573 1562 aliud,
604 1487 680 1562 quod
694 1489 723 1544 in
747 1488 824 1548 solas
845 1509 894 1551 eas
914 1489 1050 1565 quadret,
1074 1492 1146 1550 adii-

78 1594 180 1652 cietur.
230 1588 291 1650 Sed
318 1593 347 1649 in
365 1600 480 1665 promtu
505 1599 549 1647 est
569 1590 707 1649 forratam
731 1593 887 1651 communis
906 1602 991 1666 atque
1015 1594 1146 1667 stupendi

78 1696 197 1754 amoris.
250 1692 349 1773 Qarum
375 1694 449 1751 enim
465 1688 616 1768 Harpyiae
640 1690 715 1767 apud
734 1703 864 1769 veteres,
886 1694 1017 1769 inprimis
1037 1694 1148 1756 Home

77 1818 162 1872 rum,
184 1787 338 1872 σύμβολον
358 1804 454 1855 essem
472 1795 635 1868 repentinae
653 1796 771 1870 mortis,
792 1797 834 1854 ita
861 1805 894 1853 nt
915 1796 966 1854 tali
989 1806 1080 1857 morte
1095 1817 1149 1859 ex·-

80 1900 176 1959 stineti
193 1899 227 1957 ab
241 1896 381 1974 Harpyiis
406 1897 516 1971 abrepti
537 1916 601 1955 esse
619 1896 796 1972 dicerentur,
810 1887 963 1972 'qrmmque
976 1896 1150 1961 Philoctetes

80 2002 112 2060 in
128 1999 182 2059 hoc
198 1996 348 2074 Sophoclis
365 2001 427 2058 loco
447 2008 546 2072 optare
559 1997 722 2073 videretur5
743 2008 775 2056 ut
794 2000 887 2057 subita
905 2019 938 2057 ac
953 2001 1045 2059 veloci
1057 2012 1151 2062 morte

80 2105 189 2178 obiret,
211 2101 368 2159 mirandum
383 2110 500 2159 nonest
514 2101 682 2174 interpretes
701 2101 787 2158 etiam
800 2098 947 2177 Harpyias
970 2103 999 2160 ei
1023 2103 1086 2160 loco
1107 2105 1151 2161 in·

79 2207 185 2265 tulisse
201 2215 285 2278 atque
300 2202 352 2262 has
370 2222 405 2262 eo
420 2202 557 2261 vocabulo
575 2201 715 2277 designari
735 2202 905 2276 credidisse,
929 2204 1004 2278 quod
1020 2204 1058 2263 iis
1074 2215 1151 2264 certa

79 2306 287 2369 accommodari
310 2305 395 2365 facile
409 2314 528 2381 potarat.
572 2301 661 2362 Absit
678 2303 748 2362 haec
764 2304 957 2377 ratiocinatio,
981 2326 1052 2380 qrrae
1074 2317 1152 2365 tanto

80 2410 196 2471 futssior
213 2418 257 2467 est
276 2417 361 2481 atcpre
377 2407 503 2480 inanior,
526 2415 629 2479 quianto
655 2408 745 2482 magle
766 2426 858 2480 paene
879 2424 965 2465 manu
982 2410 1072 2466 teneri
1088 2418 1152 2483 pot-

82 2523 146 2587 est,
174 2510 250 2587 quod
268 2507 430 2585 ¹Sophocles
454 2506 508 2566 hoc
535 2508 601 2566 loco
626 2506 709 2566 dixit.
767 2506 846 2567 Nihil
869 2517 913 2567 est
937 2508 1012 2567 enim
1037 2509 1151 2585 darirrs‘,
1180 2554 1182 2559 .
1224 2500 1228 2507 ’

84 2634 170 2692 quam
190 2611 377 2671 Philoctetam
395 2612 512 2684 timere,
534 2629 571 2667 ne
590 2629 658 2669 aves
665 2628 680 2685 ‚³
695 2628 768 2686 quaa
792 2611 854 2668 aina
871 2630 935 2669 esca
952 2612 1064 2669 inerant
1086 2630 1153 2669 arcu

85 2720 207 2790 armati,
227 2719 291 2791 ipso
315 2724 465 2773 vescantur
485 2715 570 2787 inopa
596 2722 682 2786 atque
708 2714 819 2787 privato
845 2733 922 2772 arcu.
976 2711 1014 2771 Et
1039 2713 1153 2788 quidem

86 2838 156 2880 aves
172 2818 241 2879 illas
253 2837 310 2875 non
327 2815 449 2874 tantillas
466 2815 567 2886 fuisse,
590 2823 710 2887 quantas
728 2825 840 2874 nostros
856 2828 1000 2891 passeres,
1023 2814 1075 2874 aed
1093 2816 1155 2874 eiua

86 2934 234 2995 staturae,
251 2926 286 2977 ut-
295 2917 382 2977 ludua
398 2917 436 2976 iis
457 2925 533 2973 esset
548 2913 734 2975 Philoctetam
749 2917 931 2976 dilaceratum
945 2939 997 2992 per
1012 2915 1156 2975 aetherem

88 3023 229 3097 aufferre,
258 3032 358 3096 sponte
381 3018 569 3092 intelligitur3
596 3017 736 3092 siquidem
758 3021 839 3093 ipsae
864 3020 1040 3093 potissimum
1066 3026 1158 3094 erant,

89 3127 194 3202 utribus
219 3126 269 3183 ille
291 3122 399 3181 tamdiu
424 3120 546 3179 vixerat.
589 3117 643 3178 list
665 3120 735 3180 haec
757 3121 895 3180 sententia
917 3130 1003 3178 tanto·
1019 3119 1157 3196 stabilior,

91 3231 159 3306 quia
174 3228 236 3287 sere
253 3224 351 3287 eadem
370 3223 457 3297 paulo
474 3232 539 3296 post
556 3223 673 3281 iteratur
686 3222 731 3281 his
746 3224 843 3282 verbis
860 3220 897 3280 ad
912 3241 980 3283 aves
993 3221 1093 3282 iactitat

313 3325 396 3409 φυγᾷ
416 3319 455 3401 μ’
479 3320 533 3384 οὐκ
554 3317 600 3383 i'a'
623 3319 680 3382 ἀπ’
705 3319 816 3384 odilam

313 3423 433 3488 πωλεῖτ’·
466 3421 501 3485 οὖ
522 3420 580 3506 γὰρ
601 3419 660 3502 ἔχω
677 3433 780 3504 χεροῖν

208 3554 212 3561 ·
314 3525 370 3592 τὰν
392 3521 523 3610 anicien
544 3523 656 3605 βελέων
677 3522 782 3602 ἀλκὰν,

316 3728 382 3794 dtt'
405 3729 514 3810 ἀνέδην
535 3725 585 3792 ὅδε
603 3732 707 3810 χῶρος
724 3710 871 3814 ἶρύκεται,

228 3868 240 3879 ··
274 3866 277 3873 ·
318 3833 371 3896 oda
393 3832 433 3896 ἔτι
456 3829 591 3915 austrude
612 3825 695 3911 ῧμῖν.

318 3934 437 4016 iborae,
459 3939 513 3997 νῦν
532 3931 634 4011 καλὸν,

310 4036 480 4121 drutmarus
499 4036 620 4121 κορέσαι
642 4028 742 4115 στόμα
762 4030 838 4115 πρὸς
853 4028 947 4116 χάριν
1295 4120 1299 4127 .

320 4141 396 4220 ἐμᾶς
417 4137 529 4219 σαρκὸς
551 4134 667 4211 αἰόλας.
1266 4116 1295 4199 3

98 4246 155 4311 Ad
172 4247 249 4326 quod
267 4245 313 4304 hic
333 4247 520 4320 per'ironiam
536 4242 678 4320 qtrandam
693 4262 760 4303 area
773 4242 873 4303 invitat
886 4239 1071 4317 Philoctetes,
1091 4237 1209 4381 iden&
1280 4230 1291 4255 ⁴
