2678 4816
221 359 284 429 14⁰
593 360 813 423 CAPUT
855 362 912 424 Vl.

220 574 309 617 urrrrm
335 556 425 613 miror
458 564 487 613 et
523 566 689 630 sequentem
716 552 923 614 Buttrnannanr
950 554 1113 615 laudavisse
1149 552 1294 616 Hernran·

221 679 291 718 nram
321 667 351 716 et
378 659 471 731 ipsum
497 667 624 715 secutum
651 677 727 716 esse.
786 653 887 731 Atque
908 652 1008 732 Ulyssi
1036 658 1152 731 quidem
1176 677 1294 717 versanu

221 767 241 821 2
270 761 386 819 inscribi
416 759 497 817 nullo
525 757 609 816 ruodo
637 778 722 832 posse
753 769 885 832 peracute
914 758 1037 816 ostendit
1068 756 1113 815 W
1114 757 1239 818 undenus
1262 762 1293 818 iu

220 874 287 923 nota
316 863 411 921 critice
440 860 507 920 lauic
538 861 600 919 loco
629 860 775 936 subiecta,
816 881 901 934 quern
929 859 984 935 adi.
1047 859 1138 921 Curius
1167 864 1295 935 certissi-

219 968 276 1027 mis
297 965 468 1040 argumentis
498 961 552 1022 hoc
579 961 671 1037 addo,
702 962 797 1038 quod,
827 965 852 1021 si
881 961 995 1039 Ulyssis
1022 983 1122 1033 versus
1149 965 1294 1025 secundus

220 1077 316 1142 esset,
338 1070 423 1140 poeto
444 1063 520 1124 baud
541 1065 625 1123 dubie
646 1064 766 1123 dixisset
787 1076 816 1124 et
834 1064 928 1124 dicere
950 1064 1109 1124 debuisset:
1133 1062 1198 1125 ἀλλ’
1225 1061 1292 1129 οὐδ’

222 1164 293 1249 lyei
318 1169 357 1248 σῇ
375 1166 453 1247 χειρὶ
475 1165 620 1242 πείθομαι
642 1160 675 1224 τὸ
699 1164 785 1243 δρᾶν.
837 1165 930 1225 Probe
957 1166 988 1225 id
1017 1167 1186 1243 significavit
1213 1165 1293 1226 Her·

220 1291 360 1346 mannus,
391 1290 479 1344 quum
503 1269 596 1327 locum
625 1269 664 1325 ita
691 1270 940 1342 interpretaretur:
972 1283 1004 1327 ut
1031 1291 1068 1327 uc
1096 1291 1148 1345 ogo
1174 1252 1293 1349 quidem

220 1389 302 1433 tuom
320 1392 437 1431 monum
456 1368 585 1444 umber,
606 1372 634 1428 si
648 1372 798 1449 perficere
817 1370 903 1430 solos.
945 1368 992 1433 At
1009 1391 1066 1431 uon
1080 1372 1162 1432 adest
1177 1374 1207 1430 in
1225 1393 1292 1432 ser·

220 1477 266 1535 bis
288 1479 391 1550 potitae
413 1468 488 1552 ἐγώ,
509 1482 538 1531 et
558 1473 690 1546 quoniam
709 1493 765 1531 nou
783 1472 874 1547 adest,
896 1470 1014 1550 Ulyssis
1033 1492 1133 1533 versus
1153 1492 1220 1534 esso
1234 1478 1313 1551 npn'

220 1587 325 1654 potest.
369 1573 474 1634 Contra
495 1594 580 1649 mam
597 1573 674 1633 idern
693 1594 794 1635 versus
812 1572 1001 1650 Neoptolemo
1022 1577 1168 1650 praeclare
1188 1597 1292 1653 conve·

219 1683 298 1753 niat,
320 1699 377 1737 non
398 1687 459 1752 cst,
481 1677 557 1751 quod
579 1676 627 1735 diu
650 1676 826 1752 disputetur,
848 1677 999 1736 dummodo
1020 1680 1107 1738 verba
1128 1681 1191 1737 eius
1214 1690 1292 1759 φφ

221 1781 377 1856 intelligas.
428 1777 489 1838 Sed
517 1777 573 1836 duo
595 1777 678 1836 credo
699 1780 867 1854 interpretes
887 1781 1062 1855 pellexisse,
1092 1791 1125 1839 ut
1145 1781 1194 1841 vel
1215 1776 1329 1843 Neo-1

220 1884 346 1961 ptolemo
375 1902 440 1940 eum
468 1880 662 1939 abiudicarent
688 1881 735 1943 vel
763 1903 780 1941 a
806 1892 1024 1942 commentatore
1053 1882 1194 1943 adiectum
1225 1866 1333 1969 esae's‘

220 1985 393 2046 coniicerent
413 1983 461 2043 sel
478 1982 601 2059 denique
621 2003 735 2042 versum
755 1993 913 2045 statuerent
933 1985 1084 2045 excidisse.
1135 1983 1212 2046 Dico
1234 1986 1289 2047 ‹tis-

221 2087 376 2147 licultatem
408 2090 565 2145 structurae
587 2079 623 2145 od
643 2083 791 2165 πείθομαι
811 2084 845 2147 τὸ
869 2085 946 2165 δρᾶν
967 2098 995 2146 et
1015 2087 1168 2147 exordium
1189 2106 1290 2167 uersus¹

220 2182 288 2249 ἀλλ’
309 2181 397 2260 οὐδὲ,
419 2208 472 2263 pro
493 2209 550 2262 quo
571 2188 667 2247 solum
688 2182 758 2247 ouidi
780 2192 1001 2264 exspectaveris.
1043 2189 1092 2249 De
1112 2193 1210 2265 priore
1223 2190 1300 2267 louq-
1325 2184 1330 2191 ¹

220 2293 336 2366 copiose
370 2299 555 2365 accurateque
591 2290 729 2364 explicuit
756 2287 931 2350 blattbiaens
969 2291 1004 2349 ad
1035 2289 1134 2368 Errrip.
1165 2280 1288 2369 Hippoi

221 2399 263 2455 49
285 2403 315 2453 at
331 2393 361 2450 in
381 2411 501 2469 gramm.
525 2391 540 2468 §
560 2394 640 2466 543,
661 2412 691 2466 p.
712 2398 804 2452 1066.
865 2391 981 2451 Scilicet
998 2388 1031 2453 τὸ
1052 2393 1147 2472 ὁρᾶν,
1169 2404 1201 2457 nt
1222 2396 1288 2455 mil·
1327 2424 1331 2433 ·

219 2497 276 2557 lies
298 2493 373 2571 apud
395 2492 519 2553 Graecos
551 2498 598 2563 [v.
618 2490 722 2551 Matdr.
744 2514 789 2569 gr.
811 2499 822 2567 i
842 2497 1041 2571 540-451,
1062 2496 1126 2556 loco
1148 2508 1193 2556 est
1218 2499 1288 2557 sub·

221 2599 335 2661 stautivi
355 2597 498 2689 igiturque
519 2595 646 2671 suppleri
668 2606 762 2669 potest
783 2616 834 2669 per
854 2590 909 2672 τὴν
931 2593 1042 2675 dodoau
1062 2600 1111 2658 vel
1132 2594 1188 2670 τὰς
1210 2593 1287 2681 ‹ipti-

221 2721 295 2772 σεις.
345 2696 446 2773 Neque
476 2695 655 2756 Hormanuus
683 2695 718 2755 ad
740 2695 830 2771 Soph.
854 2695 907 2756 Αἰ.
926 2705 987 2758 114
1008 2702 1083 2759 inter
1104 2699 1181 2781 δρᾶν
1201 2714 1233 2761 et
1252 2696 1289 2769 sti

221 2801 299 2883 δρᾶν
328 2800 406 2861 aliud
435 2798 506 2875 quid
524 2819 658 2874 magnum
677 2802 814 2887 interesse
842 2800 966 2877 antid,
1000 2803 1078 2877 quod
1106 2806 1220 2863 omnino
1242 2826 1289 2875 agn

220 2904 307 2963 tieulo
329 2900 479 2976 alliciatur,
502 2904 631 2976 cuiquam
652 2902 842 2978 persmdebit,
864 2904 999 2977 quamdiu
1018 2925 1077 2963 nou
1096 2906 1291 2981 eandemdil·

220 3006 368 3067 larentiam
398 3004 434 3063 ad
460 3004 569 3079 reliqua
597 3026 710 3079 quoque
738 3005 912 3064 substantiva
934 3007 1029 3065 omrria
1046 3009 1188 3083 pertinere
1208 3008 1289 3071 side-
1330 3050 1333 3067 .

220 3111 269 3169 rit.
323 3106 503 3187 (iuramquam
530 3108 636 3165 nemini
664 3108 756 3165 annno
785 3117 914 3166 occurret
943 3099 962 3184 ἢ
992 3105 1099 3184 ὃρᾶσις
1124 3131 1140 3168 a
1161 3112 1287 3187 simplici
1322 3096 1329 3135 ⁴

223 3210 331 3290 ‹t'pttotg
350 3211 390 3267 ita
411 3208 536 3283 differre,
555 3218 587 3267 ut
604 3210 683 3283 prius
705 3208 742 3266 sit
761 3209 962 3283 explicativum
977 3230 1028 3283 paro
1044 3210 1145 3287 coito,
1166 3204 1185 3290 ἦ
1209 3212 1287 3290 decb.

222 3333 281 3383 σις.
331 3308 412 3370 Sicut
436 3323 530 3370 autem
560 3311 673 3388 reliqua
701 3312 874 3369 substantiva
901 3313 1006 3385 partim
1030 3312 1182 3375 uadiective
1203 3336 1287 3375 uaru-
1327 3390 1333 3397 Ι

221 3424 324 3490 pantnr
343 3414 447 3488 partim
465 3411 617 3488 abiectius,
644 3415 686 3474 sic
705 3413 859 3472 infinitivus
887 3435 1016 3488 quoque,
1038 3436 1126 3490 quum
1146 3426 1192 3476 est
1212 3419 1309 3493 vica·¹

220 3519 281 3576 riua
301 3515 489 3590 substantivi,
520 3516 623 3589 partim
642 3514 826 3575 subiectiones
847 3518 949 3590 partim
969 3515 1135 3581 abiectiorem
1157 3521 1216 3579 vim
1236 3520 1289 3585 las·

221 3620 280 3678 bet.
323 3616 362 3676 Et
380 3616 493 3692 quidem
513 3627 610 3676 nostro
630 3620 660 3675 in
680 3619 744 3678 loco
764 3614 798 3679 τὸ
822 3616 899 3695 δρᾶν
920 3622 1095 3681 accusativus
1112 3623 1217 3681 obiecti
1232 3634 1285 3697 est,

220 3739 306 3795 quem
325 3720 400 3794 regit
421 3715 576 3794 πείθομαι.
627 3717 753 3780 Asciscit
782 3723 857 3780 enim
886 3719 942 3780 lroc
958 3723 1076 3781 verbum
1097 3728 1288 3785 accersativrun

215 3823 281 3895 ¹rei,
313 3822 379 3896 quia
409 3822 438 3878 in
465 3823 555 3881 activo
586 3821 687 3880 dicitur
714 3819 827 3882 πείθειν
855 3816 922 3882 τινά
943 3844 989 3899 τι,
1023 3834 1052 3887 ct
1075 3825 1176 3887 dicitur
1197 3829 1239 3886 ita
1257 3829 1286 3887 in

222 3922 331 3997 activo,
353 3922 436 3997 quia,
457 3922 603 3982 disiunctis
621 3944 654 3983 re
676 3935 704 3984 et
724 3947 861 4002 persona,
884 3924 1046 3995 eractura
1066 3922 1133 3986 τινὰ
1152 3930 1208 3988 uici
1222 3941 1287 4005 pot-

224 4034 270 4082 est
290 4034 319 4083 et
340 4021 452 4084 πείθειν
474 4047 513 4084 τι.
557 4023 599 4084 V.
619 4023 724 4087 Matth.
747 4032 769 4099 i.
781 4035 854 4103 421,
874 4026 968 4087 Anu.
985 4035 1015 4103 1,
1036 4050 1065 4103 p.
1081 4035 1155 4099 77³..
1199 4031 1288 4111 Quoad

223 4135 317 4184 autern
342 4127 400 4185 loci
422 4124 521 4202 Erarip.
543 4125 766 4204 Suppl.1072‚
798 4124 862 4189 ἀλλ’
893 4125 966 4189 οὐδέ
992 4152 1039 4190 τοι
1070 4131 1116 4191 ooi
1139 4131 1287 4211 πείθομαι
1331 4128 1333 4135 ’

215 4221 329 4311 δρώσῃ
349 4222 440 4308 τάδε,
463 4251 564 4294 sensus
585 4243 648 4293 est:
672 4246 704 4295 ut
723 4254 814 4316 usque
828 4237 932 4310 pratici·
951 4247 980 4297 te
998 4237 1201 4319 inaestuare,
1222 4235 1289 4297 hino
