<?xml version="1.0" encoding="UTF-8"?>
<!DOCTYPE html PUBLIC "-//W3C//DTD XHTML 1.0 Transitional//EN"
    "http://www.w3.org/TR/xhtml1/DTD/xhtml1-transitional.dtd">
<html xmlns="http://www.w3.org/1999/xhtml" xml:lang="en" lang="en">
 <head>
  <title>
</title>
<meta http-equiv="Content-Type" content="text/html;charset=utf-8" />
  <meta name='ocr-system' content='tesseract 3.04.00' />
  <meta name='ocr-capabilities' content='ocr_page ocr_carea ocr_par ocr_line ocrx_word'/>
</head>
<body>
  <div class='ocr_page' id='page_1' title='image "./quaestionessoph00mattgoog_0039.png"; bbox 0 0 2678 4816; ppageno 0'>
   <div class='ocr_carea' id='block_1_1' title="bbox 138 350 815 421">
    <p class='ocr_par' dir='ltr' id='par_1_1' title="bbox 138 350 815 421">
     <span class='ocr_line' id='line_1_1' title="bbox 138 350 815 421; baseline 0.01 -13"><span class='ocrx_word' id='word_1_1' title='bbox 138 350 183 421; x_wconf 79' lang='lat'><strong>14</strong></span> <span class='ocrx_word' id='word_1_2' title='bbox 526 350 815 415; x_wconf 76' lang='lat' dir='ltr'><strong>CAPUTI.</strong></span> 
     </span>
    </p>
   </div>
   <div class='ocr_carea' id='block_1_2' title="bbox 136 540 1211 926">
    <p class='ocr_par' dir='ltr' id='par_1_2' title="bbox 136 540 1211 926">
     <span class='ocr_line' id='line_1_2' title="bbox 137 540 1209 622; baseline 0 -16"><span class='ocrx_word' id='word_1_3' title='bbox 137 556 214 606; x_wconf 87' lang='lat' dir='ltr'><strong>trum</strong></span> <span class='ocrx_word' id='word_1_4' title='bbox 234 543 371 603; x_wconf 75' lang='lat' dir='ltr'><strong>licuisset.</strong></span> <span class='ocrx_word' id='word_1_5' title='bbox 421 540 507 622; x_wconf 84' lang='lat' dir='ltr'><strong>Quod</strong></span> <span class='ocrx_word' id='word_1_6' title='bbox 536 563 623 617; x_wconf 85' lang='lat' dir='ltr'><strong>quum</strong></span> <span class='ocrx_word' id='word_1_7' title='bbox 649 562 706 601; x_wconf 93' lang='lat' dir='ltr'><strong>non</strong></span> <span class='ocrx_word' id='word_1_8' title='bbox 736 543 792 617; x_wconf 89' lang='lat' dir='ltr'><strong>ita,</strong></span> <span class='ocrx_word' id='word_1_9' title='bbox 822 544 907 617; x_wconf 73' lang='lat' dir='ltr'><strong>poeta</strong></span> <span class='ocrx_word' id='word_1_10' title='bbox 933 543 1027 602; x_wconf 85' lang='lat' dir='ltr'><strong>levem</strong></span> <span class='ocrx_word' id='word_1_11' title='bbox 1047 544 1103 602; x_wconf 85' lang='lat' dir='ltr'><strong>sibi</strong></span> <span class='ocrx_word' id='word_1_12' title='bbox 1122 545 1209 605; x_wconf 78' lang='lat' dir='ltr'><strong>istem</strong></span> 
     </span>
     <span class='ocr_line' id='line_1_3' title="bbox 138 644 1211 721; baseline 0.001 -14"><span class='ocrx_word' id='word_1_13' title='bbox 138 649 362 707; x_wconf 72' lang='lat' dir='ltr'><strong>immutationem</strong></span> <span class='ocrx_word' id='word_1_14' title='bbox 382 646 532 721; x_wconf 80' lang='lat' dir='ltr'><strong>permisit,</strong></span> <span class='ocrx_word' id='word_1_15' title='bbox 555 644 606 703; x_wconf 87' lang='lat' dir='ltr'><strong>sed</strong></span> <span class='ocrx_word' id='word_1_16' title='bbox 627 665 716 720; x_wconf 76' lang='lat' dir='ltr'><strong>eptae,</strong></span> <span class='ocrx_word' id='word_1_17' title='bbox 739 653 848 703; x_wconf 86' lang='lat' dir='ltr'><strong>tantum</strong></span> <span class='ocrx_word' id='word_1_18' title='bbox 869 646 967 720; x_wconf 87' lang='lat' dir='ltr'><strong>abest,</strong></span> <span class='ocrx_word' id='word_1_19' title='bbox 992 655 1042 721; x_wconf 87' lang='lat' dir='ltr'><strong>nt,</strong></span> <span class='ocrx_word' id='word_1_20' title='bbox 1063 647 1140 720; x_wconf 80' lang='lat' dir='ltr'><strong>qnod</strong></span> <span class='ocrx_word' id='word_1_21' title='bbox 1160 669 1211 708; x_wconf 87' lang='lat' dir='ltr'><strong>so·</strong></span> 
     </span>
     <span class='ocr_line' id='line_1_4' title="bbox 136 748 1209 825; baseline 0.001 -16"><span class='ocrx_word' id='word_1_22' title='bbox 136 751 196 825; x_wconf 89' lang='lat' dir='ltr'><strong>let,</strong></span> <span class='ocrx_word' id='word_1_23' title='bbox 218 748 415 822; x_wconf 89' lang='lat' dir='ltr'><strong>complementi</strong></span> <span class='ocrx_word' id='word_1_24' title='bbox 436 766 520 805; x_wconf 89' lang='lat' dir='ltr'><strong>eausa</strong></span> <span class='ocrx_word' id='word_1_25' title='bbox 541 757 648 806; x_wconf 87' lang='lat' dir='ltr'><strong>temere</strong></span> <span class='ocrx_word' id='word_1_26' title='bbox 669 750 708 808; x_wconf 86' lang='lat' dir='ltr'><strong>sit</strong></span> <span class='ocrx_word' id='word_1_27' title='bbox 728 749 856 822; x_wconf 87' lang='lat' dir='ltr'><strong>intrusa,</strong></span> <span class='ocrx_word' id='word_1_28' title='bbox 885 758 917 806; x_wconf 87' lang='lat' dir='ltr'><strong>ut</strong></span> <span class='ocrx_word' id='word_1_29' title='bbox 937 750 1000 823; x_wconf 89' lang='lat' dir='ltr'><strong>ipsa</strong></span> <span class='ocrx_word' id='word_1_30' title='bbox 1021 769 1132 823; x_wconf 84' lang='lat' dir='ltr'><strong>quoque</strong></span> <span class='ocrx_word' id='word_1_31' title='bbox 1152 749 1209 810; x_wconf 74' lang='lat' dir='ltr'><strong>lto·</strong></span> 
     </span>
     <span class='ocr_line' id='line_1_5' title="bbox 138 848 784 926; baseline -0.003 -16"><span class='ocrx_word' id='word_1_32' title='bbox 138 861 251 912; x_wconf 86' lang='lat' dir='ltr'><strong>nestum</strong></span> <span class='ocrx_word' id='word_1_33' title='bbox 271 870 304 910; x_wconf 89' lang='lat' dir='ltr'><strong>ac</strong></span> <span class='ocrx_word' id='word_1_34' title='bbox 323 848 440 926; x_wconf 76' lang='lat' dir='ltr'><strong>dignum</strong></span> <span class='ocrx_word' id='word_1_35' title='bbox 460 849 512 907; x_wconf 93' lang='lat' dir='ltr'><strong>illo</strong></span> <span class='ocrx_word' id='word_1_36' title='bbox 533 849 628 908; x_wconf 81' lang='lat' dir='ltr'><strong>locrnn</strong></span> <span class='ocrx_word' id='word_1_37' title='bbox 649 850 784 908; x_wconf 87' lang='lat' dir='ltr'><strong>obtineat.</strong></span> 
     </span>
    </p>
   </div>
   <div class='ocr_carea' id='block_1_3' title="bbox 223 1054 717 1232">
    <p class='ocr_par' dir='ltr' id='par_1_3' title="bbox 223 1054 717 1232">
     <span class='ocr_line' id='line_1_6' title="bbox 653 1061 717 1114; baseline 0.031 -2"><span class='ocrx_word' id='word_1_38' title='bbox 653 1095 662 1112; x_wconf 87' lang='lat'><strong>.</strong></span> <span class='ocrx_word' id='word_1_39' title='bbox 686 1061 717 1114; x_wconf 80' lang='lat'><strong>³.</strong></span> 
     </span>
     <span class='ocr_line' id='line_1_7' title="bbox 223 1054 650 1232; baseline -0.005 -15"><span class='ocrx_word' id='word_1_40' title='bbox 223 1152 266 1217; x_wconf 77' lang='lat' dir='ltr'><strong>V·</strong></span> <span class='ocrx_word' id='word_1_41' title='bbox 280 1161 343 1216; x_wconf 80' lang='lat'><strong>360</strong></span> <span class='ocrx_word' id='word_1_42' title='bbox 363 1176 428 1232; x_wconf 80' lang='lat' dir='ltr'><strong>sqq.</strong></span> <span class='ocrx_word' id='word_1_43' title='bbox 634 1054 650 1130; x_wconf 47' lang='grc' dir='ltr'><strong>ς</strong></span> 
     </span>
    </p>
   </div>
   <div class='ocr_carea' id='block_1_4' title="bbox 87 1250 1219 4290">
    <p class='ocr_par' dir='ltr' id='par_1_4' title="bbox 258 1250 724 1339">
     <span class='ocr_line' id='line_1_8' title="bbox 258 1250 724 1339; baseline -0.004 -22"><span class='ocrx_word' id='word_1_44' title='bbox 258 1250 356 1317; x_wconf 87' lang='grc' dir='ltr'><strong><em>νόσων</em></strong></span> <span class='ocrx_word' id='word_1_45' title='bbox 378 1254 412 1317; x_wconf 80' lang='lat' dir='ltr'><strong>d&#39;</strong></span> <span class='ocrx_word' id='word_1_46' title='bbox 436 1250 601 1337; x_wconf 78' lang='grc' dir='ltr'><strong><em>ἀμηχάνων</em></strong></span> <span class='ocrx_word' id='word_1_47' title='bbox 623 1250 724 1339; x_wconf 77' lang='grc' dir='ltr'><strong><em>φυγὰς</em></strong></span> 
     </span>
    </p>

    <p class='ocr_par' dir='ltr' id='par_1_5' title="bbox 257 1355 501 1440">
     <span class='ocr_line' id='line_1_9' title="bbox 257 1355 501 1440; baseline 0.012 -23"><span class='ocrx_word' id='word_1_48' title='bbox 257 1355 501 1440; x_wconf 75' lang='grc' dir='ltr'><strong><em>ξυμπέφρασται.</em></strong></span> 
     </span>
    </p>

    <p class='ocr_par' dir='ltr' id='par_1_6' title="bbox 259 1451 635 1542">
     <span class='ocr_line' id='line_1_10' title="bbox 259 1451 635 1542; baseline -0.008 -21"><span class='ocrx_word' id='word_1_49' title='bbox 259 1455 357 1542; x_wconf 81' lang='grc' dir='ltr'><strong><em>σοφόν</em></strong></span> <span class='ocrx_word' id='word_1_50' title='bbox 379 1483 406 1522; x_wconf 88' lang='grc' dir='ltr'><strong><em>τι</em></strong></span> <span class='ocrx_word' id='word_1_51' title='bbox 428 1457 462 1522; x_wconf 83' lang='grc' dir='ltr'><strong><em>τὸ</em></strong></span> <span class='ocrx_word' id='word_1_52' title='bbox 484 1451 635 1540; x_wconf 79' lang='grc' dir='ltr'><strong>μηχανόεν</strong></span> 
     </span>
    </p>

    <p class='ocr_par' dir='ltr' id='par_1_7' title="bbox 256 1556 690 1646">
     <span class='ocr_line' id='line_1_11' title="bbox 256 1556 690 1646; baseline -0.009 -23"><span class='ocrx_word' id='word_1_53' title='bbox 256 1559 364 1640; x_wconf 93' lang='grc' dir='ltr'><strong><em>τέχνας</em></strong></span> <span class='ocrx_word' id='word_1_54' title='bbox 383 1556 457 1646; x_wconf 73' lang='grc' dir='ltr'><strong>ὑπὲρ</strong></span> <span class='ocrx_word' id='word_1_55' title='bbox 481 1558 580 1624; x_wconf 73' lang='grc' dir='ltr'><strong><em>ἐλπίδ’</em></strong></span> <span class='ocrx_word' id='word_1_56' title='bbox 603 1557 690 1639; x_wconf 77' lang='grc' dir='ltr'><strong><em>έχων,</em></strong></span> 
     </span>
    </p>

    <p class='ocr_par' dir='ltr' id='par_1_8' title="bbox 258 1656 1128 1749">
     <span class='ocr_line' id='line_1_12' title="bbox 258 1656 1128 1749; baseline 0.009 -26"><span class='ocrx_word' id='word_1_57' title='bbox 258 1661 331 1724; x_wconf 71' lang='lat' dir='ltr'><strong>nord</strong></span> <span class='ocrx_word' id='word_1_58' title='bbox 351 1662 407 1742; x_wconf 77' lang='grc' dir='ltr'><strong>μὲν</strong></span> <span class='ocrx_word' id='word_1_59' title='bbox 427 1660 540 1741; x_wconf 84' lang='grc' dir='ltr'><strong><em>κακὸν,</em></strong></span> <span class='ocrx_word' id='word_1_60' title='bbox 560 1656 667 1724; x_wconf 74' lang='grc' dir='ltr'><strong><em>ἄλλοτ’</em></strong></span> <span class='ocrx_word' id='word_1_61' title='bbox 690 1657 741 1723; x_wconf 72' lang='grc' dir='ltr'><strong><em>ἐντ’</em></strong></span> <span class='ocrx_word' id='word_1_62' title='bbox 762 1660 875 1725; x_wconf 64' lang='lat' dir='ltr'><strong>lautia</strong></span> <span class='ocrx_word' id='word_1_63' title='bbox 895 1663 993 1749; x_wconf 65' lang='grc' dir='ltr'><strong><em>ξ’ρνιει·</em></strong></span> <span class='ocrx_word' id='word_1_64' title='bbox 1014 1663 1128 1748; x_wconf 77' lang='grc' dir='ltr'><strong><em>νόμους</em></strong></span> 
     </span>
    </p>

    <p class='ocr_par' dir='ltr' id='par_1_9' title="bbox 258 1761 551 1844">
     <span class='ocr_line' id='line_1_13' title="bbox 258 1761 551 1844; baseline 0.003 -19"><span class='ocrx_word' id='word_1_65' title='bbox 258 1763 408 1844; x_wconf 81' lang='grc' dir='ltr'><strong><em>παρεέρων</em></strong></span> <span class='ocrx_word' id='word_1_66' title='bbox 424 1761 551 1844; x_wconf 70' lang='grc' dir='ltr'><strong><em>χθονὸς,</em></strong></span> 
     </span>
    </p>

    <p class='ocr_par' dir='ltr' id='par_1_10' title="bbox 259 1860 849 1948">
     <span class='ocr_line' id='line_1_14' title="bbox 259 1860 849 1948; baseline -0.003 -20"><span class='ocrx_word' id='word_1_67' title='bbox 259 1869 343 1929; x_wconf 69' lang='grc' dir='ltr'><strong><em>θεῶν</em></strong></span> <span class='ocrx_word' id='word_1_68' title='bbox 362 1863 394 1929; x_wconf 80' lang='grc' dir='ltr'><strong><em>τ’</em></strong></span> <span class='ocrx_word' id='word_1_69' title='bbox 416 1863 539 1948; x_wconf 73' lang='grc' dir='ltr'><strong><em>ἔνορκον</em></strong></span> <span class='ocrx_word' id='word_1_70' title='bbox 562 1864 664 1942; x_wconf 77' lang='grc' dir='ltr'><strong><em>δίκαν,</em></strong></span> <span class='ocrx_word' id='word_1_71' title='bbox 686 1860 849 1946; x_wconf 71' lang='grc' dir='ltr'><strong><em>ὑψίπολις·</em></strong></span> 
     </span>
    </p>

    <p class='ocr_par' dir='ltr' id='par_1_11' title="bbox 87 1963 1217 3679">
     <span class='ocr_line' id='line_1_15' title="bbox 261 1963 701 2052; baseline -0.007 -21"><span class='ocrx_word' id='word_1_72' title='bbox 261 1964 383 2047; x_wconf 75' lang='grc' dir='ltr'><strong><em>ἄπολις,</em></strong></span> <span class='ocrx_word' id='word_1_73' title='bbox 406 1963 466 2052; x_wconf 79' lang='grc' dir='ltr'><strong><em>ὅτῳ</em></strong></span> <span class='ocrx_word' id='word_1_74' title='bbox 487 1966 522 2031; x_wconf 84' lang='grc' dir='ltr'><strong><em>τὸ</em></strong></span> <span class='ocrx_word' id='word_1_75' title='bbox 543 1966 586 2048; x_wconf 81' lang='grc' dir='ltr'><strong>μὴ</strong></span> <span class='ocrx_word' id='word_1_76' title='bbox 608 1965 701 2029; x_wconf 84' lang='grc' dir='ltr'><strong><em>καλὸν</em></strong></span> 
     </span>
     <span class='ocr_line' id='line_1_16' title="bbox 198 2065 655 2151; baseline -0.002 -20"><span class='ocrx_word' id='word_1_77' title='bbox 198 2090 203 2097; x_wconf 85' lang='grc'><em>“</em></span> <span class='ocrx_word' id='word_1_78' title='bbox 262 2065 395 2147; x_wconf 76' lang='grc' dir='ltr'><strong><em>ξύνεστι,</em></strong></span> <span class='ocrx_word' id='word_1_79' title='bbox 418 2067 535 2150; x_wconf 83' lang='grc' dir='ltr'><strong><em>τόλμας</em></strong></span> <span class='ocrx_word' id='word_1_80' title='bbox 551 2065 655 2151; x_wconf 80' lang='grc' dir='ltr'><strong><em>χάριν.</em></strong></span> 
     </span>
     <span class='ocr_line' id='line_1_17' title="bbox 91 2173 1212 2255; baseline 0.002 -19"><span class='ocrx_word' id='word_1_81' title='bbox 91 2248 96 2253; x_wconf 31' lang='lat'>¹</span> <span class='ocrx_word' id='word_1_82' title='bbox 141 2173 192 2236; x_wconf 86' lang='lat' dir='ltr'><strong>Sic</strong></span> <span class='ocrx_word' id='word_1_83' title='bbox 211 2176 298 2252; x_wconf 73' lang='lat' dir='ltr'><strong>vndgo</strong></span> <span class='ocrx_word' id='word_1_84' title='bbox 317 2174 516 2252; x_wconf 73' lang='lat' dir='ltr'><strong>distinguntur3</strong></span> <span class='ocrx_word' id='word_1_85' title='bbox 547 2177 619 2235; x_wconf 91' lang='lat' dir='ltr'><strong>mire</strong></span> <span class='ocrx_word' id='word_1_86' title='bbox 640 2174 774 2253; x_wconf 90' lang='lat' dir='ltr'><strong>quidem,</strong></span> <span class='ocrx_word' id='word_1_87' title='bbox 805 2177 938 2237; x_wconf 85' lang='lat' dir='ltr'><strong>sirecte.</strong></span> <span class='ocrx_word' id='word_1_88' title='bbox 989 2176 1065 2237; x_wconf 88' lang='lat' dir='ltr'><strong>Mihi</strong></span> <span class='ocrx_word' id='word_1_89' title='bbox 1084 2179 1212 2255; x_wconf 86' lang='lat' dir='ltr'><strong>quidem,</strong></span> 
     </span>
     <span class='ocr_line' id='line_1_18' title="bbox 142 2277 1212 2355; baseline 0.002 -17"><span class='ocrx_word' id='word_1_90' title='bbox 142 2280 254 2355; x_wconf 84' lang='lat' dir='ltr'><strong>quoties</strong></span> <span class='ocrx_word' id='word_1_91' title='bbox 273 2277 327 2338; x_wconf 87' lang='lat' dir='ltr'><strong>hos</strong></span> <span class='ocrx_word' id='word_1_92' title='bbox 348 2297 448 2338; x_wconf 84' lang='lat' dir='ltr'><strong>versus</strong></span> <span class='ocrx_word' id='word_1_93' title='bbox 467 2279 543 2353; x_wconf 82' lang='lat' dir='ltr'><strong>legi,</strong></span> <span class='ocrx_word' id='word_1_94' title='bbox 574 2278 693 2353; x_wconf 89' lang='lat' dir='ltr'><strong>accidit,</strong></span> <span class='ocrx_word' id='word_1_95' title='bbox 725 2288 758 2337; x_wconf 92' lang='lat' dir='ltr'><strong>nt</strong></span> <span class='ocrx_word' id='word_1_96' title='bbox 783 2277 819 2336; x_wconf 90' lang='lat' dir='ltr'><strong>ad</strong></span> <span class='ocrx_word' id='word_1_97' title='bbox 840 2282 950 2353; x_wconf 86' lang='lat' dir='ltr'><strong>priores</strong></span> <span class='ocrx_word' id='word_1_98' title='bbox 972 2280 1044 2340; x_wconf 90' lang='lat' dir='ltr'><strong>duos</strong></span> <span class='ocrx_word' id='word_1_99' title='bbox 1066 2281 1212 2340; x_wconf 84' lang='lat' dir='ltr'><strong>desideru-</strong></span> 
     </span>
     <span class='ocr_line' id='line_1_19' title="bbox 141 2380 1214 2457; baseline 0.003 -17"><span class='ocrx_word' id='word_1_100' title='bbox 141 2402 203 2440; x_wconf 87' lang='lat' dir='ltr'><strong>rem</strong></span> <span class='ocrx_word' id='word_1_101' title='bbox 223 2401 257 2441; x_wconf 90' lang='lat' dir='ltr'><strong>ea</strong></span> <span class='ocrx_word' id='word_1_102' title='bbox 276 2382 350 2455; x_wconf 89' lang='lat' dir='ltr'><strong>ipsa,</strong></span> <span class='ocrx_word' id='word_1_103' title='bbox 372 2400 444 2455; x_wconf 78' lang='lat' dir='ltr'><strong>qrrae</strong></span> <span class='ocrx_word' id='word_1_104' title='bbox 465 2381 646 2454; x_wconf 82' lang='lat' dir='ltr'><strong>sequentibus</strong></span> <span class='ocrx_word' id='word_1_105' title='bbox 667 2380 797 2438; x_wconf 85' lang='lat' dir='ltr'><strong>adiuncta</strong></span> <span class='ocrx_word' id='word_1_106' title='bbox 817 2380 956 2457; x_wconf 81' lang='lat' dir='ltr'><strong>uiderem,</strong></span> <span class='ocrx_word' id='word_1_107' title='bbox 978 2392 1007 2442; x_wconf 85' lang='lat' dir='ltr'><strong>et</strong></span> <span class='ocrx_word' id='word_1_108' title='bbox 1023 2402 1122 2441; x_wconf 88' lang='lat' dir='ltr'><strong>rursus</strong></span> <span class='ocrx_word' id='word_1_109' title='bbox 1139 2385 1214 2457; x_wconf 87' lang='lat' dir='ltr'><strong>quaa</strong></span> 
     </span>
     <span class='ocr_line' id='line_1_20' title="bbox 141 2481 1212 2561; baseline 0.002 -20"><span class='ocrx_word' id='word_1_110' title='bbox 141 2481 188 2542; x_wconf 85' lang='lat' dir='ltr'><strong>his</strong></span> <span class='ocrx_word' id='word_1_111' title='bbox 208 2482 408 2557; x_wconf 89' lang='lat' dir='ltr'><strong>abiudicarem,</strong></span> <span class='ocrx_word' id='word_1_112' title='bbox 432 2482 501 2540; x_wconf 90' lang='lat' dir='ltr'><strong>talia</strong></span> <span class='ocrx_word' id='word_1_113' title='bbox 522 2490 627 2556; x_wconf 82' lang='lat' dir='ltr'><strong>essent,</strong></span> <span class='ocrx_word' id='word_1_114' title='bbox 648 2481 744 2556; x_wconf 69' lang='lat' dir='ltr'><strong>uitalia</strong></span> <span class='ocrx_word' id='word_1_115' title='bbox 764 2483 795 2538; x_wconf 90' lang='lat' dir='ltr'><strong>in</strong></span> <span class='ocrx_word' id='word_1_116' title='bbox 810 2483 869 2541; x_wconf 77' lang='lat' dir='ltr'><strong>illis</strong></span> <span class='ocrx_word' id='word_1_117' title='bbox 882 2483 1084 2555; x_wconf 71' lang='lat' dir='ltr'><strong>desiderarem.</strong></span> <span class='ocrx_word' id='word_1_118' title='bbox 1127 2482 1212 2561; x_wconf 85' lang='lat' dir='ltr'><strong>Sunt,</strong></span> 
     </span>
     <span class='ocr_line' id='line_1_21' title="bbox 143 2581 1213 2661; baseline 0.002 -17"><span class='ocrx_word' id='word_1_119' title='bbox 143 2605 217 2661; x_wconf 86' lang='lat' dir='ltr'><strong>quae</strong></span> <span class='ocrx_word' id='word_1_120' title='bbox 236 2605 284 2644; x_wconf 90' lang='lat' dir='ltr'><strong>me</strong></span> <span class='ocrx_word' id='word_1_121' title='bbox 304 2593 531 2655; x_wconf 84' lang='lat' dir='ltr'><strong>commoreumt,</strong></span> <span class='ocrx_word' id='word_1_122' title='bbox 559 2581 614 2641; x_wconf 86' lang='lat' dir='ltr'><strong>hac</strong></span> <span class='ocrx_word' id='word_1_123' title='bbox 633 2584 811 2657; x_wconf 87' lang='lat' dir='ltr'><strong>potissimum</strong></span> <span class='ocrx_word' id='word_1_124' title='bbox 833 2605 944 2643; x_wconf 87' lang='lat' dir='ltr'><strong>causae.</strong></span> <span class='ocrx_word' id='word_1_125' title='bbox 996 2583 1098 2644; x_wconf 89' lang='lat' dir='ltr'><strong>Sermo</strong></span> <span class='ocrx_word' id='word_1_126' title='bbox 1119 2589 1213 2648; x_wconf 89' lang='lat' dir='ltr'><strong>estin</strong></span> 
     </span>
     <span class='ocr_line' id='line_1_22' title="bbox 142 2683 1213 2765; baseline 0.003 -20"><span class='ocrx_word' id='word_1_127' title='bbox 142 2688 199 2763; x_wconf 78' lang='lat' dir='ltr'><strong>iis,</strong></span> <span class='ocrx_word' id='word_1_128' title='bbox 228 2706 302 2761; x_wconf 88' lang='lat' dir='ltr'><strong>quae</strong></span> <span class='ocrx_word' id='word_1_129' title='bbox 323 2686 477 2761; x_wconf 80' lang='lat' dir='ltr'><strong>adscripsi,</strong></span> <span class='ocrx_word' id='word_1_130' title='bbox 506 2686 586 2760; x_wconf 86' lang='lat' dir='ltr'><strong>prius</strong></span> <span class='ocrx_word' id='word_1_131' title='bbox 608 2683 644 2742; x_wconf 92' lang='lat' dir='ltr'><strong>de</strong></span> <span class='ocrx_word' id='word_1_132' title='bbox 666 2695 726 2744; x_wconf 88' lang='lat' dir='ltr'><strong>arte</strong></span> <span class='ocrx_word' id='word_1_133' title='bbox 750 2687 884 2745; x_wconf 87' lang='lat' dir='ltr'><strong>medendi</strong></span> <span class='ocrx_word' id='word_1_134' title='bbox 911 2686 1077 2765; x_wconf 90' lang='lat' dir='ltr'><strong>hominum,</strong></span> <span class='ocrx_word' id='word_1_135' title='bbox 1108 2688 1213 2748; x_wconf 88' lang='lat' dir='ltr'><strong>deinde</strong></span> 
     </span>
     <span class='ocr_line' id='line_1_23' title="bbox 143 2785 1215 2864; baseline 0.003 -16"><span class='ocrx_word' id='word_1_136' title='bbox 143 2788 180 2848; x_wconf 90' lang='lat' dir='ltr'><strong>de</strong></span> <span class='ocrx_word' id='word_1_137' title='bbox 208 2789 397 2847; x_wconf 79' lang='lat' dir='ltr'><strong>mutabilitate</strong></span> <span class='ocrx_word' id='word_1_138' title='bbox 424 2808 535 2845; x_wconf 89' lang='lat' dir='ltr'><strong>morum</strong></span> <span class='ocrx_word' id='word_1_139' title='bbox 562 2785 757 2846; x_wconf 87' lang='lat' dir='ltr'><strong>humanorum.</strong></span> <span class='ocrx_word' id='word_1_140' title='bbox 808 2787 986 2864; x_wconf 78' lang='lat' dir='ltr'><strong>Videamus,</strong></span> <span class='ocrx_word' id='word_1_141' title='bbox 1018 2792 1089 2849; x_wconf 76' lang='lat' dir='ltr'><strong>utris</strong></span> <span class='ocrx_word' id='word_1_142' title='bbox 1110 2812 1215 2851; x_wconf 78' lang='lat' dir='ltr'><strong>conve·</strong></span> 
     </span>
     <span class='ocr_line' id='line_1_24' title="bbox 142 2881 1217 2970; baseline 0.003 -20"><span class='ocrx_word' id='word_1_143' title='bbox 142 2892 222 2950; x_wconf 85' lang='lat' dir='ltr'><strong>niant&#39;</strong></span> <span class='ocrx_word' id='word_1_144' title='bbox 241 2890 330 2966; x_wconf 88' lang='lat' dir='ltr'><strong>haec,</strong></span> <span class='ocrx_word' id='word_1_145' title='bbox 363 2881 460 2970; x_wconf 83' lang='grc' dir='ltr'><strong><em>σοφόν</em></strong></span> <span class='ocrx_word' id='word_1_146' title='bbox 486 2910 515 2948; x_wconf 94' lang='grc' dir='ltr'><strong><em>τι</em></strong></span> <span class='ocrx_word' id='word_1_147' title='bbox 547 2883 581 2948; x_wconf 85' lang='grc' dir='ltr'><strong><em>τὸ</em></strong></span> <span class='ocrx_word' id='word_1_148' title='bbox 599 2881 751 2966; x_wconf 75' lang='grc' dir='ltr'><strong><em>μηχανόεν</em></strong></span> <span class='ocrx_word' id='word_1_149' title='bbox 772 2885 878 2967; x_wconf 88' lang='grc' dir='ltr'><strong><em>τέχνας</em></strong></span> <span class='ocrx_word' id='word_1_150' title='bbox 898 2882 972 2969; x_wconf 74' lang='grc' dir='ltr'><strong><em>ὑπὲρ</em></strong></span> <span class='ocrx_word' id='word_1_151' title='bbox 995 2887 1092 2950; x_wconf 70' lang='grc' dir='ltr'><strong><em>ἐλπίδ’</em></strong></span> <span class='ocrx_word' id='word_1_152' title='bbox 1115 2887 1217 2969; x_wconf 73' lang='grc' dir='ltr'><strong><em>έχωνε·</em></strong></span> 
     </span>
     <span class='ocr_line' id='line_1_25' title="bbox 143 2989 1214 3070; baseline 0.001 -17"><span class='ocrx_word' id='word_1_153' title='bbox 143 3013 196 3070; x_wconf 89' lang='lat' dir='ltr'><strong>per</strong></span> <span class='ocrx_word' id='word_1_154' title='bbox 216 3013 248 3053; x_wconf 85' lang='lat' dir='ltr'><strong>se</strong></span> <span class='ocrx_word' id='word_1_155' title='bbox 269 2991 384 3067; x_wconf 86' lang='lat' dir='ltr'><strong>quidem</strong></span> <span class='ocrx_word' id='word_1_156' title='bbox 404 2992 535 3068; x_wconf 82' lang='lat' dir='ltr'><strong>ambigua</strong></span> <span class='ocrx_word' id='word_1_157' title='bbox 557 3010 620 3050; x_wconf 85' lang='lat' dir='ltr'><strong>esse</strong></span> <span class='ocrx_word' id='word_1_158' title='bbox 642 3000 769 3065; x_wconf 82' lang='lat' dir='ltr'><strong>possrmt.</strong></span> <span class='ocrx_word' id='word_1_159' title='bbox 822 2989 858 3050; x_wconf 93' lang='lat' dir='ltr'><strong>ln</strong></span> <span class='ocrx_word' id='word_1_160' title='bbox 883 2994 1047 3050; x_wconf 75' lang='lat' dir='ltr'><strong>anniversum</strong></span> <span class='ocrx_word' id='word_1_161' title='bbox 1067 3003 1144 3067; x_wconf 88' lang='lat' dir='ltr'><strong>patet</strong></span> <span class='ocrx_word' id='word_1_162' title='bbox 1164 2993 1214 3054; x_wconf 76' lang='lat' dir='ltr'><strong>liis</strong></span> 
     </span>
     <span class='ocr_line' id='line_1_26' title="bbox 144 3084 1217 3174; baseline -0.002 -20"><span class='ocrx_word' id='word_1_163' title='bbox 144 3094 219 3154; x_wconf 85' lang='lat' dir='ltr'><strong>dici:</strong></span> <span class='ocrx_word' id='word_1_164' title='bbox 251 3088 286 3153; x_wconf 86' lang='grc' dir='ltr'><strong><em>τὸ</em></strong></span> <span class='ocrx_word' id='word_1_165' title='bbox 314 3086 464 3170; x_wconf 82' lang='grc' dir='ltr'><strong><em>μηχανόεν</em></strong></span> <span class='ocrx_word' id='word_1_166' title='bbox 492 3089 614 3169; x_wconf 88' lang='grc' dir='ltr'><strong><em>τέχνας,</em></strong></span> <span class='ocrx_word' id='word_1_167' title='bbox 646 3086 663 3150; x_wconf 81' lang='grc' dir='ltr'>ὃ</span> <span class='ocrx_word' id='word_1_168' title='bbox 691 3087 748 3170; x_wconf 67' lang='grc' dir='ltr'><strong><em>ἔχει</em></strong></span> <span class='ocrx_word' id='word_1_169' title='bbox 780 3084 810 3165; x_wconf 84' lang='grc' dir='ltr'><strong>[ὁ</strong></span> <span class='ocrx_word' id='word_1_170' title='bbox 831 3087 1030 3174; x_wconf 66' lang='grc' dir='ltr'><strong><em>ἄνθρωπος],</em></strong></span> <span class='ocrx_word' id='word_1_171' title='bbox 1063 3087 1162 3174; x_wconf 83' lang='grc' dir='ltr'><strong><em>σοφόν</em></strong></span> <span class='ocrx_word' id='word_1_172' title='bbox 1182 3091 1217 3154; x_wconf 91' lang='grc' dir='ltr'><strong><em>τί</em></strong></span> 
     </span>
     <span class='ocr_line' id='line_1_27' title="bbox 144 3187 1214 3275; baseline -0.002 -17"><span class='ocrx_word' id='word_1_173' title='bbox 144 3194 225 3258; x_wconf 73' lang='grc' dir='ltr'><strong><em>ἔστιν</em></strong></span> <span class='ocrx_word' id='word_1_174' title='bbox 245 3187 320 3275; x_wconf 70' lang='grc' dir='ltr'><strong>ὑπὲρ</strong></span> <span class='ocrx_word' id='word_1_175' title='bbox 340 3192 457 3254; x_wconf 73' lang='grc' dir='ltr'><strong><em>ἐλπίδα.</em></strong></span> <span class='ocrx_word' id='word_1_176' title='bbox 500 3190 570 3268; x_wconf 88' lang='lat' dir='ltr'><strong>Sed,</strong></span> <span class='ocrx_word' id='word_1_177' title='bbox 592 3195 622 3252; x_wconf 85' lang='lat' dir='ltr'><strong>in</strong></span> <span class='ocrx_word' id='word_1_178' title='bbox 642 3215 699 3269; x_wconf 87' lang='lat' dir='ltr'><strong>qno</strong></span> <span class='ocrx_word' id='word_1_179' title='bbox 720 3194 805 3254; x_wconf 89' lang='lat' dir='ltr'><strong>cardo</strong></span> <span class='ocrx_word' id='word_1_180' title='bbox 825 3217 920 3254; x_wconf 91' lang='lat' dir='ltr'><strong>rerum</strong></span> <span class='ocrx_word' id='word_1_181' title='bbox 940 3198 1070 3271; x_wconf 85' lang='lat' dir='ltr'><strong>vertitur,</strong></span> <span class='ocrx_word' id='word_1_182' title='bbox 1092 3190 1127 3256; x_wconf 82' lang='grc' dir='ltr'><strong><em>τὸ</em></strong></span> <span class='ocrx_word' id='word_1_183' title='bbox 1148 3217 1214 3274; x_wconf 87' lang='grc' dir='ltr'><strong>μη-</strong></span> 
     </span>
     <span class='ocr_line' id='line_1_28' title="bbox 87 3287 1214 3377; baseline -0.001 -19"><span class='ocrx_word' id='word_1_184' title='bbox 87 3287 99 3308; x_wconf 76' lang='grc'><em>’</em></span> <span class='ocrx_word' id='word_1_185' title='bbox 140 3291 251 3377; x_wconf 86' lang='grc' dir='ltr'><strong><em>χανόεν</em></strong></span> <span class='ocrx_word' id='word_1_186' title='bbox 280 3293 387 3373; x_wconf 87' lang='grc' dir='ltr'><strong><em>τέχνας</em></strong></span> <span class='ocrx_word' id='word_1_187' title='bbox 413 3305 462 3355; x_wconf 75' lang='lat' dir='ltr'><strong>arnt</strong></span> <span class='ocrx_word' id='word_1_188' title='bbox 482 3297 597 3370; x_wconf 86' lang='lat' dir='ltr'><strong>proprie</strong></span> <span class='ocrx_word' id='word_1_189' title='bbox 618 3297 692 3354; x_wconf 83' lang='lat' dir='ltr'><strong>sumi</strong></span> <span class='ocrx_word' id='word_1_190' title='bbox 712 3307 805 3370; x_wconf 85' lang='lat' dir='ltr'><strong>potest</strong></span> <span class='ocrx_word' id='word_1_191' title='bbox 825 3298 985 3375; x_wconf 70' lang='lat' dir='ltr'><strong>artificium</strong></span> <span class='ocrx_word' id='word_1_192' title='bbox 1006 3295 1214 3376; x_wconf 73' lang='lat' dir='ltr'><strong>mechanicum,</strong></span> 
     </span>
     <span class='ocr_line' id='line_1_29' title="bbox 144 3397 1216 3474; baseline 0.001 -15"><span class='ocrx_word' id='word_1_193' title='bbox 144 3409 193 3459; x_wconf 87' lang='lat' dir='ltr'><strong>ant</strong></span> <span class='ocrx_word' id='word_1_194' title='bbox 212 3401 305 3459; x_wconf 84' lang='lat' dir='ltr'><strong>minus</strong></span> <span class='ocrx_word' id='word_1_195' title='bbox 326 3399 439 3472; x_wconf 89' lang='lat' dir='ltr'><strong>proprie</strong></span> <span class='ocrx_word' id='word_1_196' title='bbox 460 3400 534 3456; x_wconf 74' lang='lat' dir='ltr'><strong>ortis</strong></span> <span class='ocrx_word' id='word_1_197' title='bbox 548 3397 678 3459; x_wconf 78' lang='lat' dir='ltr'><strong>solertia.</strong></span> <span class='ocrx_word' id='word_1_198' title='bbox 720 3397 767 3458; x_wconf 90' lang='lat' dir='ltr'><strong>De</strong></span> <span class='ocrx_word' id='word_1_199' title='bbox 782 3400 865 3459; x_wconf 87' lang='lat' dir='ltr'><strong>malis</strong></span> <span class='ocrx_word' id='word_1_200' title='bbox 878 3401 985 3458; x_wconf 87' lang='lat' dir='ltr'><strong>artibus</strong></span> <span class='ocrx_word' id='word_1_201' title='bbox 1000 3420 1037 3458; x_wconf 94' lang='lat' dir='ltr'><strong>ne</strong></span> <span class='ocrx_word' id='word_1_202' title='bbox 1052 3402 1116 3474; x_wconf 89' lang='lat' dir='ltr'><strong>quis</strong></span> <span class='ocrx_word' id='word_1_203' title='bbox 1130 3422 1216 3474; x_wconf 88' lang='lat' dir='ltr'><strong>prae-</strong></span> 
     </span>
     <span class='ocr_line' id='line_1_30' title="bbox 144 3491 1215 3579; baseline 0 -17"><span class='ocrx_word' id='word_1_204' title='bbox 144 3512 223 3562; x_wconf 85' lang='lat' dir='ltr'><strong>terea</strong></span> <span class='ocrx_word' id='word_1_205' title='bbox 244 3503 367 3576; x_wconf 79' lang='lat' dir='ltr'><strong>cogitet,</strong></span> <span class='ocrx_word' id='word_1_206' title='bbox 387 3509 480 3574; x_wconf 85' lang='lat' dir='ltr'><strong>vetat,</strong></span> <span class='ocrx_word' id='word_1_207' title='bbox 501 3499 577 3574; x_wconf 89' lang='lat' dir='ltr'><strong>qnod</strong></span> <span class='ocrx_word' id='word_1_208' title='bbox 597 3519 689 3572; x_wconf 83' lang='lat' dir='ltr'><strong>neque</strong></span> <span class='ocrx_word' id='word_1_209' title='bbox 710 3491 808 3579; x_wconf 82' lang='grc' dir='ltr'><strong><em>σοφόν</em></strong></span> <span class='ocrx_word' id='word_1_210' title='bbox 829 3521 857 3558; x_wconf 88' lang='grc' dir='ltr'><strong><em>τι</em></strong></span> <span class='ocrx_word' id='word_1_211' title='bbox 878 3502 947 3559; x_wconf 90' lang='lat' dir='ltr'><strong>illae</strong></span> <span class='ocrx_word' id='word_1_212' title='bbox 968 3501 1124 3575; x_wconf 88' lang='lat' dir='ltr'><strong>praedicari</strong></span> <span class='ocrx_word' id='word_1_213' title='bbox 1144 3522 1215 3577; x_wconf 79' lang='lat' dir='ltr'><strong>pos·¹¹</strong></span> 
     </span>
     <span class='ocr_line' id='line_1_31' title="bbox 145 3600 1217 3679; baseline -0.001 -15"><span class='ocrx_word' id='word_1_214' title='bbox 145 3613 212 3664; x_wconf 83' lang='lat' dir='ltr'><strong>sunt</strong></span> <span class='ocrx_word' id='word_1_215' title='bbox 230 3622 323 3677; x_wconf 87' lang='lat' dir='ltr'><strong>neque</strong></span> <span class='ocrx_word' id='word_1_216' title='bbox 344 3603 456 3661; x_wconf 90' lang='lat' dir='ltr'><strong>omnino</strong></span> <span class='ocrx_word' id='word_1_217' title='bbox 476 3601 617 3677; x_wconf 79' lang='lat' dir='ltr'><strong>singulari</strong></span> <span class='ocrx_word' id='word_1_218' title='bbox 637 3620 755 3658; x_wconf 90' lang='lat' dir='ltr'><strong>numero</strong></span> <span class='ocrx_word' id='word_1_219' title='bbox 776 3603 906 3660; x_wconf 80' lang='lat' dir='ltr'><strong>vocabuli</strong></span> <span class='ocrx_word' id='word_1_220' title='bbox 934 3600 1021 3679; x_wconf 82' lang='grc' dir='ltr'><strong><em>τέχνη</em></strong></span> <span class='ocrx_word' id='word_1_221' title='bbox 1050 3603 1217 3679; x_wconf 70' lang='lat' dir='ltr'><strong>significan-</strong></span> 
     </span>
    </p>

    <p class='ocr_par' dir='ltr' id='par_1_12' title="bbox 193 3700 1217 3819">
     <span class='ocr_line' id='line_1_32' title="bbox 193 3700 1217 3819; baseline -0.001 -53.932"><span class='ocrx_word' id='word_1_222' title='bbox 193 3701 334 3774; x_wconf 81' lang='lat' dir='ltr'><strong>Care</strong></span> <span class='ocrx_word' id='word_1_223' title='bbox 362 3713 456 3762; x_wconf 88' lang='lat' dir='ltr'><strong>autem</strong></span> <span class='ocrx_word' id='word_1_224' title='bbox 482 3700 588 3780; x_wconf 87' lang='grc' dir='ltr'><strong><em>τέχνας</em></strong></span> <span class='ocrx_word' id='word_1_225' title='bbox 608 3723 661 3775; x_wconf 93' lang='lat' dir='ltr'><strong>pro</strong></span> <span class='ocrx_word' id='word_1_226' title='bbox 681 3702 787 3776; x_wconf 86' lang='lat' dir='ltr'><strong>plurali</strong></span> <span class='ocrx_word' id='word_1_227' title='bbox 805 3702 929 3764; x_wconf 83' lang='lat' dir='ltr'><strong>habeas:</strong></span> <span class='ocrx_word' id='word_1_228' title='bbox 958 3726 1015 3779; x_wconf 88' lang='lat' dir='ltr'><strong>qno</strong></span> <span class='ocrx_word' id='word_1_229' title='bbox 1043 3726 1115 3778; x_wconf 76' lang='lat' dir='ltr'><strong>quiae</strong></span> <span class='ocrx_word' id='word_1_230' title='bbox 1136 3717 1217 3819; x_wconf 68' lang='lat' dir='ltr'><strong>stt-11⁴</strong></span> 
     </span>
    </p>

    <p class='ocr_par' dir='ltr' id='par_1_13' title="bbox 142 3803 1216 4290">
     <span class='ocr_line' id='line_1_33' title="bbox 145 3803 1215 3880; baseline 0.002 -16"><span class='ocrx_word' id='word_1_231' title='bbox 145 3816 224 3864; x_wconf 89' lang='lat' dir='ltr'><strong>ctura</strong></span> <span class='ocrx_word' id='word_1_232' title='bbox 245 3807 405 3880; x_wconf 71' lang='lat' dir='ltr'><strong>exsisteret,</strong></span> <span class='ocrx_word' id='word_1_233' title='bbox 427 3826 462 3864; x_wconf 90' lang='lat' dir='ltr'><strong>ea</strong></span> <span class='ocrx_word' id='word_1_234' title='bbox 482 3803 557 3863; x_wconf 85' lang='lat' dir='ltr'><strong>nihil</strong></span> <span class='ocrx_word' id='word_1_235' title='bbox 578 3805 733 3862; x_wconf 81' lang='lat' dir='ltr'><strong>contortius</strong></span> <span class='ocrx_word' id='word_1_236' title='bbox 752 3806 943 3879; x_wconf 78' lang='lat' dir='ltr'><strong>inveniretur,</strong></span> <span class='ocrx_word' id='word_1_237' title='bbox 964 3809 1024 3865; x_wconf 82' lang='lat' dir='ltr'><strong>sive</strong></span> <span class='ocrx_word' id='word_1_238' title='bbox 1046 3809 1132 3865; x_wconf 86' lang='lat' dir='ltr'><strong>verba</strong></span> <span class='ocrx_word' id='word_1_239' title='bbox 1157 3826 1215 3866; x_wconf 86' lang='lat' dir='ltr'><strong>oo-</strong></span> 
     </span>
     <span class='ocr_line' id='line_1_34' title="bbox 146 3899 1219 3988; baseline 0.002 -22"><span class='ocrx_word' id='word_1_240' title='bbox 146 3899 205 3988; x_wconf 85' lang='grc' dir='ltr'><strong>φόν</strong></span> <span class='ocrx_word' id='word_1_241' title='bbox 226 3928 255 3966; x_wconf 93' lang='grc' dir='ltr'><strong><em>τι</em></strong></span> <span class='ocrx_word' id='word_1_242' title='bbox 273 3901 309 3967; x_wconf 84' lang='grc' dir='ltr'><strong><em>τὸ</em></strong></span> <span class='ocrx_word' id='word_1_243' title='bbox 329 3928 404 3985; x_wconf 91' lang='grc' dir='ltr'><strong><em>μηχ.</em></strong></span> <span class='ocrx_word' id='word_1_244' title='bbox 425 3928 477 3982; x_wconf 89' lang='lat' dir='ltr'><strong>per</strong></span> <span class='ocrx_word' id='word_1_245' title='bbox 498 3907 703 3981; x_wconf 87' lang='lat' dir='ltr'><strong>appositionem</strong></span> <span class='ocrx_word' id='word_1_246' title='bbox 725 3905 761 3963; x_wconf 88' lang='lat' dir='ltr'><strong>ad</strong></span> <span class='ocrx_word' id='word_1_247' title='bbox 782 3903 887 3983; x_wconf 85' lang='grc' dir='ltr'><strong><em>τέχνας</em></strong></span> <span class='ocrx_word' id='word_1_248' title='bbox 908 3908 1060 3985; x_wconf 88' lang='lat' dir='ltr'><strong>collocata,</strong></span> <span class='ocrx_word' id='word_1_249' title='bbox 1081 3912 1143 3968; x_wconf 85' lang='lat' dir='ltr'><strong>sive</strong></span> <span class='ocrx_word' id='word_1_250' title='bbox 1160 3928 1219 3983; x_wconf 89' lang='lat' dir='ltr'><strong>per</strong></span> 
     </span>
     <span class='ocr_line' id='line_1_35' title="bbox 144 4005 1213 4085; baseline 0.002 -18"><span class='ocrx_word' id='word_1_251' title='bbox 144 4006 328 4068; x_wconf 85' lang='lat' dir='ltr'><strong>anacoluthon</strong></span> <span class='ocrx_word' id='word_1_252' title='bbox 356 4008 497 4085; x_wconf 88' lang='lat' dir='ltr'><strong>quoddam</strong></span> <span class='ocrx_word' id='word_1_253' title='bbox 522 4005 630 4084; x_wconf 82' lang='grc' dir='ltr'><strong><em>τέχνας</em></strong></span> <span class='ocrx_word' id='word_1_254' title='bbox 656 4007 717 4064; x_wconf 92' lang='lat' dir='ltr'><strong>illis</strong></span> <span class='ocrx_word' id='word_1_255' title='bbox 745 4008 907 4066; x_wconf 89' lang='lat' dir='ltr'><strong>adiunctum</strong></span> <span class='ocrx_word' id='word_1_256' title='bbox 927 4029 992 4068; x_wconf 85' lang='lat' dir='ltr'><strong>esse</strong></span> <span class='ocrx_word' id='word_1_257' title='bbox 1012 4020 1213 4070; x_wconf 86' lang='lat' dir='ltr'><strong>statueremus.</strong></span> 
     </span>
     <span class='ocr_line' id='line_1_36' title="bbox 145 4106 1218 4187; baseline 0.001 -18"><span class='ocrx_word' id='word_1_258' title='bbox 145 4106 207 4169; x_wconf 90' lang='lat' dir='ltr'><strong>lam</strong></span> <span class='ocrx_word' id='word_1_259' title='bbox 227 4131 295 4170; x_wconf 87' lang='lat' dir='ltr'><strong>vero</strong></span> <span class='ocrx_word' id='word_1_260' title='bbox 314 4108 477 4187; x_wconf 73' lang='lat' dir='ltr'><strong>medsanica</strong></span> <span class='ocrx_word' id='word_1_261' title='bbox 495 4112 676 4184; x_wconf 86' lang='lat' dir='ltr'><strong>perspicuum</strong></span> <span class='ocrx_word' id='word_1_262' title='bbox 698 4117 758 4183; x_wconf 88' lang='lat' dir='ltr'><strong>est,</strong></span> <span class='ocrx_word' id='word_1_263' title='bbox 789 4130 872 4185; x_wconf 79' lang='lat' dir='ltr'><strong>qurum</strong></span> <span class='ocrx_word' id='word_1_264' title='bbox 902 4112 939 4167; x_wconf 88' lang='lat' dir='ltr'><strong>sit</strong></span> <span class='ocrx_word' id='word_1_265' title='bbox 965 4113 1058 4170; x_wconf 87' lang='lat' dir='ltr'><strong>aliena</strong></span> <span class='ocrx_word' id='word_1_266' title='bbox 1079 4112 1114 4170; x_wconf 86' lang='lat' dir='ltr'><strong>ab</strong></span> <span class='ocrx_word' id='word_1_267' title='bbox 1136 4115 1218 4171; x_wconf 89' lang='lat' dir='ltr'><strong>omni·</strong></span> 
     </span>
     <span class='ocr_line' id='line_1_37' title="bbox 142 4188 1215 4290; baseline -0.001 -18"><span class='ocrx_word' id='word_1_268' title='bbox 142 4214 253 4274; x_wconf 85' lang='lat' dir='ltr'><strong>ratione</strong></span> <span class='ocrx_word' id='word_1_269' title='bbox 272 4213 345 4274; x_wconf 92' lang='lat' dir='ltr'><strong>loci</strong></span> <span class='ocrx_word' id='word_1_270' title='bbox 376 4188 489 4274; x_wconf 75' lang='lat' dir='ltr'><strong>&#39;ttesnt</strong></span> <span class='ocrx_word' id='word_1_271' title='bbox 516 4214 605 4290; x_wconf 80' lang='lat' dir='ltr'><strong>igitur</strong></span> <span class='ocrx_word' id='word_1_272' title='bbox 631 4208 679 4270; x_wconf 86' lang='lat' dir='ltr'><strong>hie</strong></span> <span class='ocrx_word' id='word_1_273' title='bbox 705 4210 823 4270; x_wconf 84' lang='lat' dir='ltr'><strong>illorum</strong></span> <span class='ocrx_word' id='word_1_274' title='bbox 843 4231 961 4272; x_wconf 80' lang='lat' dir='ltr'><strong>sensns:</strong></span> <span class='ocrx_word' id='word_1_275' title='bbox 992 4211 1193 4272; x_wconf 76' lang='grc' dir='ltr'><strong><em>αιὶνιιιιιῑιιινι</em></strong></span> <span class='ocrx_word' id='word_1_276' title='bbox 1179 4234 1215 4272; x_wconf 78' lang='lat' dir='ltr'><strong>ua</strong></span> 
     </span>
    </p>
   </div>
   <div class='ocr_carea' id='block_1_5' title="bbox 0 0 1354 4816">
    <p class='ocr_par' dir='ltr' id='par_1_14' title="bbox 0 0 1354 4816">
     <span class='ocr_line' id='line_1_38' title="bbox 0 0 1354 4816; baseline 0 0"><span class='ocrx_word' id='word_1_277' title='bbox 0 0 1354 4816; x_wconf 95' lang='lat' dir='ltr'><strong> </strong></span> 
     </span>
    </p>
   </div>
  </div>
 </body>
</html>
