2678 4816
127 364 206 439 146ΙΙ
494 369 711 433 CAPUT
753 368 826 435 vll.

128 582 194 637 ιιιιιι·
207 562 333 623 vicissim
353 573 381 621 et
398 557 564 638 mediamna,
585 583 655 621 neve
674 565 838 622 πιοειείειιεί
852 562 1044 624 νελιιοιοιιιιινι
1067 586 1123 639 quo
1138 565 1207 639 quia

86 666 91 675 '
129 668 278 725 meliorem
299 674 384 740 atque
411 664 613 741 elegantiorem
640 667 789 739 requirat?
818 663 905 742 Quod
926 668 1002 725 enim
1023 664 1207 725 Hemnamrua

129 769 198 827 dicit
225 766 310 827 valde
336 767 443 841 frigere
473 783 525 840 pro
553 786 625 825 nova
655 768 795 826 contentia
821 768 963 827 adiectum
983 763 1098 845 καὶμὴ
1116 765 1207 851 χρείρ

130 869 326 946 πολεμῶμεν,
355 867 431 943 quod
459 877 554 927 tomen
581 865 655 925 nihil
684 870 723 927 sit
749 870 806 928 nini
826 889 893 943 pars
913 890 1028 942 eorum,
1059 890 1132 944 qrrao
1153 888 1208 944 per

126 969 180 1031 ‘ivor
210 971 341 1031 adiuncta
367 979 480 1042 essent,
520 990 637 1043 vereor,
675 991 711 1030 ne
746 967 800 1030 hoc
833 970 936 1030 idonea
961 975 1071 1032 ratione
1098 983 1206 1033 careat.

129 1072 230 1135 Verba
249 1073 300 1131 illa
315 1073 342 1130 ei
355 1071 393 1129 ad
408 1067 460 1130 ἵνα
475 1072 564 1129 relata
581 1093 637 1130 uon
651 1072 804 1147 frigebant,
825 1093 882 1132 non
895 1075 987 1149 magis
998 1095 1073 1132 nunc
1086 1075 1208 1150 fiigent,

129 1197 218 1252 quum
238 1173 284 1233 hio
305 1182 501 1248 annectuntur,
524 1161 575 1251 ι’ίχε
593 1194 647 1231 νον
667 1167 705 1233 ori
723 1194 782 1249 μες
805 1195 861 1232 non
878 1177 969 1250 magio
982 1176 1097 1251 frigent,
1119 1197 1207 1251 quom

130 1280 174 1352 ei,
196 1277 300 1336 deletio
320 1277 468 1336 sententiis
490 1276 553 1333 istis
574 1275 760 1351 intermediis,
781 1277 875 1335 nolum
894 1278 1055 1352 legeretur:
1080 1270 1133 1356 ἄγε
1148 1299 1206 1337 νον

130 1372 169 1438 ori
182 1399 231 1456 με,
254 1375 304 1436 καὶ
316 1373 360 1455 μὴ
372 1373 460 1459 χρείρ
476 1376 662 1453 πολεμῶμεν.
699 1376 791 1437 Immo
806 1381 870 1452 quis
891 1378 997 1438 dixerit
1015 1381 1127 1453 potione
1140 1381 1205 1461 fo-

71 1529 75 1540 .
130 1478 293 1554 eiomhor,
315 1477 581 1538 novomercato
600 1482 787 1556 necessitate,
809 1500 911 1554 quum:
931 1481 1056 1560 facicm
1075 1477 1145 1556 λον,
1167 1504 1207 1541 na

130 1578 224 1641 λοιπον
243 1602 308 1649 mun
328 1583 505 1640 necessitate.
557 1576 613 1638 Est
634 1583 710 1639 eninr
730 1579 802 1640 lraec
820 1593 920 1640 natura
941 1583 984 1641 rei
1005 1591 1081 1659 tam,
1112 1592 1143 1641 ut
1164 1583 1205 1641 ita

130 1682 238 1758 dicam,
269 1682 465 1747 substantialia
494 1701 586 1755 neque
613 1683 664 1741 ulii
685 1684 817 1757 cuiquam
837 1683 963 1742 subiecta
982 1686 1139 1760 sententia,
1172 1693 1205 1743 ut

131 1784 209 1844 belle
235 1804 272 1843 ue
299 1785 390 1863 poenit
421 1783 537 1858 quidem
566 1784 601 1840 ab
630 1784 686 1842 alia
714 1784 839 1859 pendere
870 1804 903 1842 ac
930 1785 1097 1845 secundaria
1125 1806 1203 1847 esse.

132 1884 200 1966 Quo
220 1887 314 1945 minua
335 1884 435 1945 eadem
455 1885 542 1944 verba
563 1883 613 1943 καὶ
634 1881 678 1964 μὴ
700 1887 877 1965 πολεμῶμεν
898 1886 954 1946 dici
968 1897 1087 1963 poscunt
1101 1908 1204 1949 eorum

130 2009 198 2065 pars
219 2008 294 2066 eoae,
308 2007 388 2065 ‘quae
408 2007 461 2063 per
478 1983 532 2044 ‘c'vo
553 1986 683 2047 adiuncta
704 1999 793 2048 erant.
837 1986 913 2048 Sane
931 1990 997 2049 talia
1013 2010 1079 2065 pars
1093 1999 1203 2064 essent,

131 2089 159 2158 ti
185 2092 376 2155 coniunctivoa
405 2093 435 2149 in
461 2090 604 2163 prioribus
631 2092 839 2165 retineremus,
870 2092 922 2151 sed
946 2092 1023 2152 falso
1051 2103 1148 2153 essent
1168 2111 1208 2153 ae·

130 2198 206 2259 malo
227 2195 336 2255 ordine.
378 2191 478 2269 Nunc,
500 2198 544 2252 uti
562 2213 614 2269 par
634 2203 689 2270 eat,
710 2196 874 2269 primariam
891 2196 1116 2255 enunciationem
1137 2193 1203 2254 effi·

131 2303 223 2377 ciunt,
252 2319 372 2374 quacum
400 2295 560 2356 coordinata
588 2305 633 2356 eat
652 2296 721 2371 illa,
751 2291 803 2376 ἄγε
831 2318 886 2356 νυν
908 2290 945 2357 ori
966 2318 1016 2374 με.
1056 2294 1133 2356 Nam
1152 2294 1202 2355 lric

128 2414 177 2474 'ent
196 2403 342 2478 legitimus
361 2401 450 2459 totius
470 2400 625 2458 sententiaa
646 2398 733 2459 ordo:
755 2404 819 2474 nai,
839 2394 883 2477 μὴ
900 2396 988 2482 χρείμ
1004 2399 1200 2476 πολεμῶμεν·

132 2500 185 2583 ίίγε
207 2491 261 2563 οὖν
283 2494 321 2562 ori
341 2522 395 2578 με,
415 2494 460 2559 ‘iv’
484 2492 578 2559 ἂν-
591 2495 626 2559 τὸ
646 2496 702 2577 μὲν
723 2495 865 2577 εἴποιμεν,
886 2495 921 2560 τὸ
943 2497 963 2559 d
968 2494 977 2518 ²
1002 2494 1201 2576 ἀκούσαιμεν.

131 2605 219 2687 Quod
239 2607 265 2664 εἰ
284 2606 315 2663 iu
335 2602 400 2679 hia,
420 2604 463 2660 uti
484 2600 624 2677 Sophocli
643 2602 739 2677 libuit,
759 2604 899 2662 sententia
917 2602 1046 2663 manalis
1066 2624 1134 2661 cum
1153 2623 1201 2679 eo,

129 2729 206 2786 quae
226 2706 364 2789 fficium
385 2706 528 2779 continet,
556 2723 608 2777 per
635 2704 766 2778 copulam
786 2701 836 2763 καὶ
858 2704 1036 2763 coordinatur
1059 2697 1123 2783 [ἄγε
1145 2722 1201 2763 νυν

131 2803 170 2870 σί
191 2829 247 2884 με,
269 2805 335 2866 καὶ
355 2801 399 2883 μὴ
422 2805 630 2882 πολεμῶμεν],
659 2804 729 2865 haec
747 2806 885 2880 particula
906 2827 963 2865 non
982 2808 1130 2867 sententiis
1151 2825 1201 2867 cc-

131 2910 264 2988 pulandio
284 2910 418 2984 inservit,
440 2907 492 2968 sed
513 2908 624 2984 verbis,
646 2918 731 2982 atque
751 2908 873 2967 dissolvi
894 2918 989 2983 potest
1009 2929 1062 2984 per
1082 2908 1201 2983 ellipaiu

111 3012 290 3091 'qomdamr
311 3024 339 3069 et
358 3007 412 3071 ltoc
431 3007 522 3070 oddo.
569 3007 741 3068 Simillimus
760 3008 845 3070 lrrrins
866 3013 979 3086 generis
998 3012 1078 3071 locun
1101 3012 1199 3071 estin

130 3114 232 3175 eadem
260 3112 314 3172 lrac
333 3113 430 3171 sabula
457 3133 486 3171 v.
505 3117 585 3185 277,
616 3104 713 3191 ῶςπερ
733 3132 772 3189 με
797 3104 1017 3190 κάνεστήσιιθ’,
1050 3097 1112 3173 eide
1132 3105 1199 3173 σῶ-

129 3236 221 3292 σιιτε,
250 3212 316 3274 καὶ
339 3210 386 3292 μὴ
405 3208 499 3284 θεοὺς
519 3213 663 3289 τιμῶντες
683 3205 747 3273 εἶτα
767 3209 839 3285 τοὺς
859 3209 953 3283 θεοὺς
972 3219 1084 3296 μοῖραν
1101 3219 1198 3275 ποιεῖ’-

128 3321 189 3378 olio
208 3315 379 3395 μηδαμῶςι
407 3336 527 3391 quorum
555 3317 668 3389 propria
687 3313 735 3373 lric
755 3315 824 3374 ordo
845 3325 993 3390 notatque
1012 3319 1119 3379 series:
1149 3311 1196 3393 μὴ

128 3414 202 3490 τοὺς
221 3412 315 3488 θεοὺς
334 3421 446 3496 μοῖραν
467 3418 602 3475 ποιεῖσθε
622 3414 788 3492 μηδαμῶς·
812 3408 929 3476 σῶσατε
952 3412 990 3493 μ’
1016 3405 1079 3479 οὖν.
1134 3416 1195 3479 Sed

128 3522 235 3596 placuit
263 3521 367 3594 poiitae
397 3516 450 3577 hac
478 3516 549 3576 duaa
580 3520 787 3578 enunciationea
815 3520 919 3577 arctius
947 3522 1129 3597 coniungere.
1142 3541 1196 3595 per

127 3621 294 3698 particulam
315 3618 384 3692 καὶ,
407 3639 492 3693 quam
513 3619 625 3693 explica
645 3620 722 3678 fere:
746 3633 774 3678 et
793 3617 881 3691 oddo,
902 3642 940 3679 ιιε
958 3619 1029 3681 deoc
1047 3622 1193 3697 negligas.

127 3722 227 3799 Atque
248 3723 426 3797 cognoscitur
444 3719 510 3780 hinc
529 3741 623 3795 nequa
643 3741 706 3780 eam
728 3720 929 3785 dubitationem
949 3725 1068 3785 veritate
1088 3724 1194 3783 frmdo-

126 3838 187 3885 tam
208 3845 289 3900 esse,
320 3843 405 3897 quam
431 3835 542 3897 praeter
560 3820 763 3884 Hermanuum-
781 3825 867 3882 etiam
887 3821 1032 3900 Reisigiue
1053 3825 1194 3893 hocloco

128 3937 225 3987 contra
257 3927 395 4001 optativos
416 3925 531 4000 attulit,
561 3924 730 3984 contendam
759 3925 903 3984 vinculum
928 3925 1099 3987 dissolutum
1124 3947 1192 3989 eone

126 4030 157 4087 iu
171 4021 282 4103 καὶμὴ
303 4045 356 4101 pro
375 4022 464 4101 μηδὲ,
484 4027 509 4085 ai
530 4019 752 4105 iunganturci'ye
773 4047 827 4085 νυν
847 4018 886 4086 ου’
906 4046 953 4103 με,
975 4026 1025 4087 καί
1038 4023 1084 4107 μὴ
1101 4027 1192 4113 χρείρι

126 4128 314 4204 πολεμῶμεν.
363 4124 461 4206 Quum
490 4128 566 4186 enim
595 4128 697 4202 copula
725 4128 761 4187 ad
780 4126 866 4186 verba
886 4131 1044 4208 pertineat,
1075 4133 1191 4207 negatio

124 4229 275 4315 adipeam
295 4229 475 4309 senteutiam,
494 4237 595 4306 sponte
612 4231 740 4310 aeqrritur
759 4229 859 4297 ambas
878 4230 1032 4301 disiunctae
1051 4253 1116 4299 eoae
1138 4233 1191 4297 ‹le-
