2678 4816
421 377 930 462 ranunculae,
1119 363 1185 462 rna

120 576 186 629 sont
213 567 289 628 inter
313 586 347 628 se
375 565 517 634 Hercules
545 589 577 630 to
598 571 661 645 ipse
688 568 811 629 flammis
831 568 945 629 tradens
965 577 994 629 et
1015 569 1186 647 coniungens

120 690 189 729 saxa
211 675 382 746 compages?
413 669 538 732 Goiictns
565 672 616 731 ille
645 672 781 747 quidam,
809 655 869 746 qno
895 682 924 730 et
943 690 1013 729 saxa
1033 672 1187 746 iungnurtnr

121 782 150 830 et
169 769 310 831 Hercules
332 792 363 831 se
383 773 492 832 tradit?
514 770 556 831 At
577 783 653 848 saint,
675 793 748 847 qnae
767 772 854 831 talem
874 773 932 831 vim
948 773 1083 847 longene
1098 773 1185 848 longe

112 874 225 932 ¹melius
247 875 403 948 fortiusque
431 876 598 948 exprimant.
651 872 730 952 Quin
755 892 824 932 vere
851 894 888 932 ne
917 873 950 931 fil
980 873 1094 948 qtridem
1122 895 1187 933 cnm

123 976 173 1049 vi,
213 985 245 1032 nt
277 995 346 1035 saxa
376 976 618 1051 conglutinentur,
654 975 707 1035 aed
735 977 856 1045 libenter
882 977 1025 1049 patiuntur
1058 995 1090 1033 se
1122 994 1188 1035 con-

125 1076 280 1152 glutinari,
311 1076 394 1135 modo
416 1079 469 1152 sit,
491 1081 545 1136 cui'
557 1078 588 1136 id
609 1078 701 1137 facere
723 1077 820 1136 libeat.
872 1074 978 1137 Fateor
998 1078 1091 1151 'igitur
1115 1076 1187 1136 mibi
1238 1083 1240 1088 '

125 1175 198 1235 banc
225 1187 312 1235 totam
340 1180 576 1254 comparationem
609 1181 677 1238 satis
704 1179 828 1237 debilem
849 1198 882 1236 ac
900 1177 1064 1254 languidam
1096 1199 1189 1252 neque

126 1280 214 1337 talem
241 1280 351 1353 videri,
383 1281 495 1355 qualem
524 1291 552 1339 et
581 1282 624 1338 rei
651 1289 681 1338 et
708 1281 859 1339 verbouun
880 1280 1003 1354 gravitas
1024 1278 1191 1355 pondusque

127 1381 247 1457 flagitat.
296 1381 395 1457 ltaque
427 1393 486 1441 tres
523 1392 588 1441 sunt
629 1381 804 1441 certissimae
834 1401 953 1456 causae,
987 1401 1037 1439 cnr
1074 1379 1122 1440 hic
1155 1383 1191 1443 de

127 1483 219 1543 ferrea
242 1503 375 1560 compage
392 1484 511 1559 cogitari
530 1504 589 1542 non
610 1485 710 1558 possit.
753 1480 927 1542 scholiastes
948 1480 985 1541 ad
1005 1483 1100 1542 locum
1119 1483 1192 1544 nibil

130 1586 267 1646 momenti
286 1584 384 1645 affert:
418 1587 482 1658 ipse
502 1587 576 1644 enim
597 1587 720 1644 incertus
741 1595 785 1644 est
809 1605 861 1645 nec
882 1586 975 1644 minus
995 1596 1107 1645 nostrae
1128 1606 1193 1646 san·

129 1689 235 1761 tenfiae
256 1687 333 1746 favet
359 1688 502 1747 scribente
531 1679 550 1763 ἢ
580 1679 875 1764 λιθοκόλλητον
906 1678 1094 1762 στόμιον,
1126 1683 1192 1750 ἀντὶ

130 1790 184 1849 τοῦ
212 1786 330 1847 λίθινον
359 1787 409 1846 καὶ
441 1783 571 1869 σκληρὸν
595 1781 722 1866 χαλινὸν
752 1788 849 1868 σαυτῇ
881 1784 1078 1864 ἐπιβαλοῦσα.
1131 1787 1193 1852 lam

130 1911 198 1950 vero
219 1889 290 1950 haec
310 1893 495 1966 comparatio,
525 1911 581 1966 qna
608 1891 664 1948 sibi
685 1889 781 1948 frenos
801 1891 891 1948 iniicit
908 1892 1061 1948 moriturus
1082 1890 1195 1952 Heron-

131 1993 192 2067 les,
221 2012 341 2067 quaero,
371 2013 407 2051 an
426 2013 483 2052 non
505 1994 543 2050 sit
563 1993 707 2067 aptissima
737 2001 821 2064 atque
841 1991 1073 2066 elegantissima?
1109 1991 1195 2055 Gerre

133 2091 249 2153 bardam
268 2097 395 2153 nostrum
415 2115 474 2153 non
494 2095 535 2152 ita
553 2094 673 2152 libenter
691 2093 787 2151 vivum
807 2094 944 2168 cremari,
970 2093 1021 2151 sed
1041 2114 1141 2170 cogere
1162 2116 1196 2157 aa
1239 2136 1255 2151 ..

113 2194 342 2271 ,qrrodammodo
376 2195 413 2254 ad
446 2193 500 2254 boe
531 2192 674 2255 moriundi
700 2212 790 2271 genus
823 2215 911 2269 qurum
940 2205 1039 2258 nonna
1072 2194 1195 2260 hnmana
1252 2232 1255 2239 ·

135 2296 234 2373 docet,
265 2307 360 2356 trime
386 2316 472 2355 versu
494 2301 575 2357 1253
604 2296 787 2371 perspicuum
812 2304 877 2370 est,
906 2295 957 2353 ubi
982 2293 1054 2354 hanc
1076 2309 1196 2360 mortem
1225 2280 1249 2352 s

136 2392 293 2459 ἀεκούσιον
313 2393 398 2476 ἔργον
418 2407 509 2458 vocat.
553 2395 652 2473 ltaque
669 2399 789 2456 animam
806 2385 1057 2479 snamflalloqnens
1078 2419 1130 2473 pro
1150 2423 1198 2463 co.

134 2501 274 2576 general
294 2507 426 2561 coercens
445 2514 473 2559 to
493 2520 604 2558 morere
623 2509 739 2576 propter
754 2499 888 2559 eximiam
902 2497 1115 2558 similitudinem
1130 2505 1198 2578 eqni

138 2602 207 2662 dicit
224 2604 321 2684 freno
346 2605 449 2660 iniecto
477 2622 599 2661 morere.
655 2598 710 2659 Est
737 2608 832 2659 autem
860 2596 930 2656 baec
957 2601 1112 2661 similitudo
1140 2614 1199 2665 tam
1280 2648 1306 2690 A

139 2714 204 2780 apta
224 2713 308 2779 atque
328 2704 465 2779 insignis,
497 2713 529 2761 ut
554 2702 661 2762 dudum
686 2704 717 2760 in
738 2699 968 2761 consuetudinem
987 2705 1129 2776 proverbii
1149 2728 1199 2767 ve-

138 2809 223 2868 nerit.
271 2802 362 2882 lgitur
383 2801 486 2862 Graeci
507 2803 604 2863 dicunt
619 2798 745 2880 χαλινὸς
765 2799 932 2883 παρθενίας
939 2849 948 2877 ,
966 2798 1044 2875 Διὸς
1061 2802 1198 2883 χαλινὸς,
1224 2797 1225 2800 “

140 2907 245 2986 ψυχῆς
275 2899 401 2988 χαλινὸς
431 2897 448 2966 ὃ
476 2905 563 2978 νοῦς,
594 2902 711 2985 γυναικὶ
745 2901 850 2963 θοῦναι
872 2899 1039 2982 χαλινοὺς,
1075 2919 1117 2989 et¹
1132 2910 1199 2970 olio.

127 2994 214 3071 ¹Item
233 3008 332 3071 Latini
343 3009 456 3089 frenos
483 3005 637 3082 adbibere,
667 3008 803 3080 iniiam,
826 3006 927 3086 frana
947 3010 1096 3082 occipere,
1126 3032 1203 3071 moa·-

142 3111 228 3187 dero,
242 3113 376 3193 frenare
389 3109 551 3190 feroran,
572 3108 746 3184 voluptates,
774 3106 925 3189 ffrauoto
944 3106 1090 3187 onducto,
1112 3115 1203 3172 etsie

142 3235 240 3291 porro.
288 3211 417 3286 Itemque
442 3229 494 3269 nos
522 3212 628 3270 utimur
653 3212 748 3270 verbis
776 3210 901 3286 zbgeln,
921 3206 1051 3272 ziibateu.
1094 3208 1202 3288 Unum,

144 3316 223 3392 qnod
240 3336 297 3375 non
318 3333 433 3388 prorsus
454 3315 643 3373 necessarium
656 3311 710 3372 hoe
724 3313 799 3387 loco,
821 3303 1038 3389 λιθοκόλλητον
1051 3323 1103 3393 est.
1147 3313 1203 3375 Ta·

143 3437 210 3479 men
229 3437 322 3491 neque
343 3415 492 3476 offensioni
512 3414 542 3473 id
561 3433 624 3474 esse
647 3415 731 3474 debet
748 3417 806 3489 ita,
829 3423 862 3475 ut
881 3423 969 3475 totam
989 3416 1205 3477 amilitudinem

145 3521 320 3578 abiiciamus.
368 3515 421 3578 Est
451 3517 526 3576 enim
552 3516 623 3575 illud
651 3514 795 3591 epitheton
816 3535 934 3589 ornans,
966 3516 1041 3592 quod
1061 3521 1206 3593 prosaicus

145 3622 196 3681 vix
216 3622 375 3696 posuisset,
401 3617 453 3677 sed
474 3616 549 3703 ‹prod
576 3621 660 3692 polita
679 3615 734 3677 hoc
753 3619 818 3677 lom
839 3615 981 3697 adhibuit,
1010 3641 1065 3694 qno
1092 3630 1122 3679 et
1140 3641 1207 3696 per-

147 3721 248 3785 tecfior
273 3721 481 3795 accuratiorqne
509 3718 663 3778 similitudo
690 3730 766 3778 esset
786 3728 815 3777 et
835 3719 926 3777 oculis
946 3720 1050 3782 melius
1071 3723 1208 3781 obiicere·

147 3833 205 3885 tur.
255 3820 330 3882 Nam
349 3822 462 3883 luerunt
481 3830 546 3881 tunc
566 3823 702 3895 temporis
721 3823 752 3882 in
771 3840 827 3881 usn
846 3820 920 3879 freni
939 3821 1023 3882 illum
1043 3824 1072 3880 in
1093 3821 1209 3885 modum

148 3926 267 4009 ornati..
295 3921 403 3984 Sensus
423 3923 479 3982 loci
497 3925 555 3981 iam
572 3922 621 3984 hic
641 3934 701 3981 est:
724 3919 864 3998 agedum,
886 3943 904 3980 ο
924 3919 1002 3994 dura
1018 3927 1127 4001 naimo,
1149 3945 1209 3987 mn·

148 4047 216 4090 tera
234 4030 296 4089 tom
315 4029 418 4089 intecto
430 4026 539 4110 ferreo
554 4026 674 4101 gunnata
693 4022 828 4087 distincto
836 4024 946 4108 freno.

592 4210 792 4234 ...ιιι-ιιι-ιὺ
874 4241 876 4244 y
