2678 4816
222 378 287 454 lttt
500 406 531 441 .·.
616 376 950 460 ..cAPntvn

223 571 376 648 spicimus,
404 571 499 644 potior
525 578 570 631 est
596 589 655 630 vox
683 564 786 648 μέλον.
837 567 920 631 Haec
940 571 1124 647 enim‘qrmm
1140 591 1236 649 nermo
1255 573 1288 632 in

222 675 318 734 codice
348 693 440 747 neque
467 674 497 731 in
525 671 648 731 editione
678 681 774 732 vetere
802 671 893 748 desit,
922 683 1019 732 contra
1045 669 1081 733 τὸ
1108 668 1162 733 σὸν
1183 676 1288 733 omittit

222 774 294 835 cod.
315 773 423 850 Regius
443 771 535 832 Puris.
556 771 613 833 No.
632 780 712 834 2711
736 772 916 833 sBrunckio
938 776 1057 835 collatus
1078 786 1106 835 et
1126 776 1214 852 vulgo
1235 775 1288 834 de·

223 879 349 954 signatus
369 875 416 952 N,
448 873 550 934 deindo
575 875 642 934 edit.
671 874 762 936 Tricl.
783 874 872 935 Turn.
896 873 996 952 Steplr.
1019 887 1049 936 et
1069 876 1172 952 Cant,
1204 897 1288 954 quos,

222 990 254 1040 nt
274 981 332 1038 iam
353 977 429 1053 dixi,
458 975 589 1037 Brunck.
617 975 733 1037 Schoel.
758 988 786 1036 et
805 976 915 1037 Buttm.
943 981 1033 1038 secuti
1054 989 1129 1038 sumt.
1172 977 1288 1037 Deinde

222 1083 249 1142 si
270 1079 490 1154 consideramus,
511 1086 608 1137 uturm'
626 1080 661 1138 sb
683 1081 837 1155 interprete
857 1081 975 1151 venerit,
1002 1082 1107 1139 iterum
1127 1083 1220 1156 potior
1241 1089 1288 1139 est

221 1203 280 1242 vox
297 1177 399 1258 μέλαν.
452 1177 525 1238 Nam
554 1178 608 1237 hoc
633 1182 759 1254 prolecto
787 1184 879 1258 magis
900 1184 1044 1256 politicum
1064 1192 1109 1241 est
1125 1193 1213 1257 utque
1234 1202 1288 1241 ex·

222 1285 369 1359 quisitius,
401 1300 487 1356 qinom
513 1290 545 1339 nt
573 1301 590 1340 o
617 1282 733 1342 librario
755 1284 910 1358 profectum
931 1303 995 1342 esse
1015 1284 1162 1361 videntur,
1192 1304 1287 1360 neque

220 1383 416 1446 Hermannum
456 1382 585 1459 intelligo
619 1387 792 1444 contraritnn
830 1387 1047 1446 existimantem.
1098 1383 1212 1446 Rursus
1249 1378 1286 1444 τὸ

221 1482 285 1562 σὸν,
305 1483 378 1544 υἰΙιίΙ
398 1484 591 1561 probabilius,
621 1507 707 1561 qinom
727 1487 762 1545 ub
783 1489 934 1562 interprete
956 1487 1094 1546 adiectum
1121 1506 1204 1563 esse,
1235 1488 1286 1562 qui

221 1599 337 1667 propter
357 1607 479 1662 sequeus
501 1583 547 1645 ἐπὶ
569 1587 614 1667 σῷ
634 1589 729 1669 καιρῷ
751 1590 836 1648 etium
858 1582 943 1664 ὄμμα
964 1586 1144 1662 Neoptolemi
1162 1604 1226 1648 esse
1240 1608 1287 1647 or-
1314 1568 1317 1573 Ι

218 1693 380 1753 bitruretur.
425 1685 519 1747 simin
539 1689 735 1762 explicationis
756 1710 838 1749 coeco
859 1689 955 1748 studio
976 1691 1102 1765 tirones,
1132 1711 1220 1765 quum
1241 1698 1287 1749 est

142 1848 149 1871 ‚
219 1794 307 1854 latine
327 1789 500 1850 reddendum
521 1811 555 1849 cr
574 1788 680 1849 tddtoto
699 1794 797 1849 scinco
821 1789 925 1866 Vuter,
947 1791 1065 1851 reddere
1083 1792 1177 1851 solent
1201 1814 1286 1852 samm

220 1909 334 1972 patrem
354 1890 468 1952 occidit.
511 1889 643 1967 Denique
664 1894 706 1966 si,
729 1891 758 1951 id
779 1892 857 1967 quod
877 1895 1076 1969 gravissimum
1093 1904 1154 1970 est,
1175 1905 1286 1969 spectu·

156 2038 161 2049 .
220 2017 285 2057 min
306 2015 435 2068 seruum,
465 1995 625 2053 etiamnunc
644 1993 799 2077 viderimus
819 1995 959 2068 potiorem
977 2013 1040 2054 esse
1061 2015 1160 2056 vocem
1179 1994 1283 2073 μέλον.

112 2098 154 2187 .3.'
183 2097 285 2187 ¹,Hoc
303 2099 378 2157 enim
397 2115 454 2154 uon
474 2095 559 2155 ruodo
581 2096 758 2169 aptissimum
778 2106 822 2155 est
842 2107 871 2156 et
890 2118 956 2156 nom
979 2096 1122 2156 Graecum
1129 2142 1139 2172 ,
1161 2096 1213 2157 sed
1234 2100 1284 2158 ab·

123 2190 181 2277 ᾗ]
220 2220 285 2261 csso
305 2201 388 2275 plone
414 2218 470 2256 non
492 2206 586 2273 potest
605 2208 774 2272 propterea,
805 2197 880 2272 qnod
901 2208 961 2258 tum
988 2190 1081 2256 πάλαι
1102 2200 1284 2272 referendum

220 2310 297 2363 esset
314 2301 351 2359 ud
367 2295 475 2380 λέγεις,
497 2299 590 2376 qnod,
612 2309 706 2377 putet,
728 2320 811 2375 quern
832 2321 996 2375 perversum
1017 2322 1134 2361 sensum
1154 2312 1283 2382 oreoret3

221 2414 251 2464 et
276 2413 370 2462 tomen
398 2402 589 2462 soloecismus·
606 2403 682 2463 sorot
709 2395 801 2461 πάλαι
822 2396 944 2478 μίλημά
964 2424 1017 2479 μοι
1038 2400 1129 2483 idyeeg
1149 2426 1201 2479 pro
1223 2425 1284 2464 πα-

220 2500 307 2565 λαιὸν
327 2497 448 2580 μέλημά
470 2525 523 2580 μοι
545 2498 646 2582 λέγεις.
699 2503 803 2562 Deleto
832 2524 900 2562 vero
921 2498 956 2562 nl
980 2499 1048 2580 σὸν,
1076 2502 1147 2564 lmec
1174 2508 1285 2581 optima

221 2617 305 2682 utque
316 2607 483 2682 gravissimo
496 2607 632 2664 sententio
647 2605 786 2663 nuscitur:
808 2601 918 2662 dudum
934 2607 1045 2679 curavi,
1062 2619 1094 2663 ut
1108 2607 1186 2666 oculi
1201 2612 1282 2680 [moi]

219 2722 268 2768 tuo
285 2710 465 2783 potissimum
485 2703 630 2765 commodo
650 2704 814 2780 vigilarent.
860 2704 934 2764 Nam
952 2703 998 2763 hic
1020 2715 1063 2764 est
1078 2727 1158 2767 error
1174 2729 1284 2787 eornm,

221 2812 271 2886 qui
301 2802 335 2868 τὸ
361 2802 415 2866 σὸν
444 2816 576 2881 tuentur,
606 2817 638 2866 ut
664 2807 736 2866 illud
765 2799 849 2884 ὄμμα
877 2806 1057 2882 Neoptolemi
1077 2829 1141 2869 csse
1162 2810 1281 2871 ducunt:

220 2910 297 2987 quood
325 2910 351 2968 si
380 2918 473 2983 essct,
503 2927 570 2967 sano
598 2904 632 2968 τὸ
663 2903 716 2969 σὸν
745 2910 844 2969 obesse
870 2909 953 2969 nullo
973 2919 1054 2985 pecto
1081 2922 1190 2986 posset.
1239 2910 1285 2973 At

220 3004 294 3073 nunc
314 3003 398 3088 ὄμμα
418 3031 475 3069 non
493 3007 672 3086 Neoptolemi
693 3019 757 3088 est,
778 3013 830 3071 sed
850 3013 940 3087 ipsius
962 3008 1060 3086 Ghori,
1081 3033 1184 3088 neque,
1207 3014 1283 3089 quod

221 3114 414 3191 excogitarunt
432 3113 572 3188 nonnulli,
592 3114 683 3187 ipsius
706 3111 792 3173 Ghori
812 3116 864 3191 ita,
889 3124 921 3172 ut
940 3114 1015 3172 oculi
1035 3115 1096 3173 citu
1117 3113 1284 3175 custodiun-

219 3230 289 3294 tur,
308 3237 346 3277 ne
366 3214 543 3292 negligentes
564 3216 638 3290 sint,
665 3235 764 3274 veurm
785 3225 817 3274 ut
839 3218 895 3293 ipsi
916 3213 1088 3276 custodiunt.
1137 3214 1219 3276 Haec
1237 3238 1283 3278 es-

107 3314 111 3327 '
160 3337 165 3344 '
220 3329 265 3380 set
284 3321 377 3393 inepto
398 3316 554 3388 sententia,
583 3316 651 3391 illu,
680 3331 781 3377 uotum
808 3331 891 3376 tuum
908 3315 1062 3378 observare
1079 3322 1140 3394 itu,
1167 3332 1201 3376 ut
1220 3338 1283 3377 mu·

220 3423 302 3479 xime
320 3416 374 3476 tibi
395 3432 585 3494 opportunum
606 3433 665 3493 est,
694 3427 723 3478 et
743 3418 837 3479 inflata
858 3439 891 3477 ec
909 3419 1015 3478 tumida
1035 3441 1088 3495 per
1118 3440 1150 3479 sc
1179 3429 1209 3479 et
1233 3422 1282 3478 in-

220 3523 316 3581 solens
337 3529 453 3595 propter
472 3520 645 3599 locutionem
665 3527 807 3601 φρουρεῖν
824 3513 917 3599 ὄμμα.
961 3521 1107 3601 Quorsum
1123 3523 1200 3580 enim
1216 3519 1281 3599 hoc,

123 3606 127 3615 ’
219 3625 279 3698 ita,
310 3636 342 3680 ut
369 3624 499 3680 moxirrto
525 3619 579 3680 tibi
603 3611 798 3699 opportunum
815 3631 880 3695 cst?
914 3622 967 3685 An
995 3626 1145 3684 observare
1172 3633 1283 3697 poterat

220 3721 330 3783 Chorus
360 3732 460 3782 nutum
486 3720 666 3799 Neoptolemi
691 3727 752 3801 ito,
790 3734 823 3783 nt
852 3724 918 3784 lruio
946 3729 1164 3801 inopportunum
1201 3710 1283 3785 erat?

220 3823 304 3904 Quae
324 3834 390 3884 scrut
410 3825 556 3884 contraria.
606 3824 718 3884 Deinde
747 3847 815 3888 vero
844 3848 937 3903 neque
965 3820 1048 3904 ὄμμα
1068 3847 1160 3902 nequo
1182 3846 1282 3906 φρομ,-

221 3932 281 4008 ρεῖν
302 3947 426 4002 unquam
445 3936 625 4002 asumuntur,
648 3937 679 3984 ut
699 3929 777 4001 prius
799 3930 953 4006 situum,
977 3931 1098 3988 alterum
1119 3925 1281 4003 observare,

218 4025 379 4089 madere.
420 4026 502 4088 Nihil
523 4036 568 4088 est
588 4030 706 4104 certitu,
727 4050 811 4105 qum
831 4028 1015 4106 Sophoclem,
1037 4033 1143 4091 omisso
1162 4025 1197 4090 τὸ
1215 4011 1280 4105 odor,

218 4129 328 4191 dixisse
348 4129 501 4191 hocloco:
522 4152 624 4192 curam
644 4128 737 4206 dicis,
758 4152 776 4192 o
795 4154 873 4209 rex,
893 4152 969 4210 quoe
987 4129 1058 4192 utili
1077 4129 1188 4201 deducu
1200 4132 1280 4216 fuit,

217 4242 252 4291 trt
270 4230 349 4295 oculi
366 4234 423 4308 urci
441 4237 491 4295 tuo
505 4235 689 4313 potissimum
707 4231 852 4307 munands
871 4230 1053 4310 vigilarent·
