2678 4816
390 327 808 393 PRAEFATIO.
1091 330 1134 379 ΙΧ

68 564 204 637 ternpore
223 548 412 637 prodierunt,
445 550 498 615 ubi
518 549 701 635 grammatici
721 548 840 637 graeci,
868 563 903 616 ut
924 550 1134 638 Chrysaloras,

68 667 250 752 Bessarion,
280 670 426 736 Iohannes
459 684 490 734 et
512 668 722 736 Constantinus
743 674 908 752 Lascarcs,
934 669 1004 753 alii,
1036 669 1134 735 abacti

70 786 195 870 Turcis,
227 787 279 872 qui
308 802 378 852 tunc
402 810 495 873 regno
519 789 708 875 Imperatoris
733 789 833 874 graeci
861 789 975 853 bellum
996 788 1135 854 continuo

68 905 267 989 intentabant,
288 906 320 971 in
341 920 435 972 terras
451 905 647 971 occidentales
664 909 856 994 profugerant
869 922 956 993 atque
971 908 1029 990 hic,
1049 932 1135 995 spre-

71 1024 113 1089 tis
133 1046 214 1112 papa
235 1037 267 1089 et
282 1024 409 1107 alaricis,
431 1025 640 1091 saluberrimas
659 1049 729 1092 suas
751 1026 897 1091 doctrinas
918 1025 1137 1091 disseminave-

69 1157 149 1210 rant.
198 1142 336 1207 Araunia
356 1167 474 1228 quoque
494 1166 639 1231 paparum
664 1159 693 1211 et
714 1145 900 1211 sacerdotum
919 1144 1136 1232 pontificiorum

72 1261 280 1328 auctoritatam
299 1261 433 1328 severius
453 1262 522 1328 inde
543 1264 582 1328 ab
603 1263 683 1329 omni
703 1278 833 1351 tempore
849 1279 950 1329 secuta
971 1279 1026 1347 est,
1047 1286 1137 1349 quarn

71 1397 108 1447 ut
130 1381 176 1446 rbi
204 1394 234 1446 et
261 1380 392 1447 studium
418 1380 608 1447 classicanum
633 1383 786 1448 literarum
814 1396 845 1448 et
870 1406 944 1448 vera
969 1381 1138 1447 humanitas

72 1499 255 1567 incrementa
285 1522 390 1587 capere
419 1500 558 1587 potuerit.
624 1502 700 1583 Quis
721 1502 799 1588 scit,
837 1524 876 1566 an
909 1503 969 1567 iam
999 1501 1137 1588 turpissi-

72 1642 156 1685 mum
183 1633 214 1685 et
240 1618 454 1685 atrocissimum
484 1635 585 1685 contra
614 1620 832 1707 magnanimam
851 1620 1005 1686 Poloniam
1026 1620 1138 1685 bellum

72 1737 207 1804 onmium
233 1737 437 1804 humaniorum
465 1739 578 1805 animos
608 1739 784 1825 gravissime
805 1741 989 1826 perturbaret
1011 1752 1040 1803 et
1060 1737 1140 1803 iusta

72 1855 120 1922 ira
139 1855 328 1941 incenderet,
359 1856 386 1922 si
413 1859 533 1921 Raecio
559 1857 629 1923 inde
658 1879 677 1923 a
703 1859 841 1924 trecentis
863 1859 948 1924 annis
969 1858 1086 1924 scholas
1108 1870 1139 1922 et

71 1973 243 2040 academias
263 1975 301 2040 ad
323 1999 455 2041 nonnam
475 1976 707 2062 germanicarum
723 1977 872 2042 institutas
887 1977 1020 2043 haberet.
1064 1975 1141 2058 Quis

73 2093 149 2178 scit,
181 2116 221 2158 an
251 2119 311 2160 non
338 2099 459 2183 Europa
490 2097 639 2160 Turcr'cm
663 2096 744 2161 laeto
771 2118 807 2160 ac
834 2095 952 2161 lubenti
976 2094 1074 2160 animo
1098 2095 1139 2159 ad

72 2212 184 2278 foedus
205 2235 292 2277 suum
311 2213 504 2296 adscisceret,
525 2213 632 2297 aiibi,
654 2229 687 2278 ut
707 2215 837 2279 futurum
859 2214 996 2296 videtur,
1018 2214 1140 2278 scholae

74 2346 109 2397 et
127 2331 300 2397 academiae
320 2333 574 2399 constituerentur.
598 2318 612 2343 ³
627 2337 714 2414 Quae
734 2347 833 2416 certa,
864 2355 941 2418 quae
966 2332 1140 2418 locupletis·

75 2450 155 2515 sima
181 2449 349 2515 testirmia
376 2449 518 2516 historiae
546 2450 644 2516 studio
672 2450 826 2516 literarum
845 2474 1018 2536 graecarum
1039 2463 1069 2514 et
1089 2473 1141 2514 ro·

74 2591 232 2633 manarum
257 2569 338 2635 vires
364 2568 480 2656 ingenii
507 2569 720 2635 incredibiliter
746 2572 821 2635 acroi
848 2585 879 2636 et
906 2569 1067 2654 expoliri!
1100 2572 1142 2637 Et

76 2688 152 2773 qnid
173 2702 219 2753 est
237 2688 374 2772 tandem,
396 2689 477 2774 quod
497 2702 558 2754 tam
579 2689 618 2755 'sit
638 2689 744 2754 mirum
765 2689 823 2754 hac
841 2688 874 2754 in
894 2714 928 2756 re
948 2704 1036 2774 atque
1056 2687 1142 2753 inso-

75 2807 187 2873 litum‘l
231 2811 327 2873 Nemo
362 2829 493 2891 unquam
529 2792 651 2893 degerit
684 2822 813 2874 mentem
848 2809 1008 2874 humanam
1040 2808 1142 2895 philo-

78 2925 204 3013 eophiaa
222 2925 321 2991 studio
341 2924 466 2991 mirifice
486 2925 586 3012 subigi
607 2941 696 3013 atque
718 2927 827 2993 excoli.
878 2928 940 2994 Sed
958 2928 1037 2992 idem
1057 2927 1142 2992 valet

77 3045 113 3111 in
132 3045 269 3133 linguam
287 3067 427 3132 graecam
447 3068 484 3110 ac
504 3047 644 3129 latinam,
676 3069 801 3132 quarum
822 3049 976 3112 arnbarum
997 3044 1074 3111 ratio
1095 3059 1143 3110 at-

78 3188 140 3250 que
159 3180 292 3252 systema
309 3164 499 3252 philosophia
519 3179 574 3230 est.
624 3171 777 3232 structura
801 3167 975 3247 verborum,
1005 3163 1144 3229 discretio

78 3282 345 3370 significationum,
367 3283 578 3348 sententiarum
598 3283 729 3350 interae
749 3299 819 3371 apta
838 3282 1020 3365 coniunctio,
1041 3283 1144 3367 legum

78 3426 136 3469 scu
155 3403 327 3489 regularum
349 3402 536 3485 observatio,
558 3403 808 3486 accommodatio,
832 3402 991 3484 distinctio,
1014 3400 1144 3499 denique

80 3522 149 3611 ipsa
176 3520 270 3587 latins
294 3522 346 3586 vel
366 3524 473 3607 graece
499 3522 649 3587 scribendi
677 3521 849 3588 exercitatio
875 3562 918 3574 -
942 3520 1016 3585 haec
1045 3519 1145 3584 omnia

81 3656 152 3709 snut
171 3640 258 3727 quasi
279 3640 452 3707 exercitatio
471 3642 600 3727 logicae,
623 3640 678 3707 sed
699 3641 879 3706 commodior
898 3639 1071 3724 faciliorque
1088 3663 1146 3703 ex·

82 3756 235 3859 ercitatio,
267 3782 359 3846 quare
390 3749 480 3826 etiam
508 3760 649 3846 antiquae
675 3760 798 3846 linguae
817 3761 849 3824 in
869 3760 1007 3825 omnibus
1027 3758 1146 3823 scholas

83 3878 247 3962 classibus,
277 3878 375 3966 logica
400 3894 515 3948 tantum
541 3880 574 3947 in
601 3879 757 3947 altioribus
777 3879 895 3947 tractari
922 3879 1009 3945 solet.
1058 3875 1146 3946 Dixit

84 3999 156 4066 olim
174 3998 344 4070 Ludunt
