2678 4816
125 353 170 422 lli
515 353 737 421 CAPUT
778 355 836 423 111.

126 548 222 608 locum
242 543 347 607 habere
367 564 468 623 posse,
488 556 522 607 nt
541 543 722 606 Atridarum·
741 559 771 609 et
791 547 909 627 Ulyssis
930 570 992 611 sors
1019 571 1077 611 non
1105 553 1201 612 minus

128 651 259 710 distincte
278 648 418 723 praedicta
440 649 489 724 sit,
510 669 596 723 quiam
617 658 716 723 postea
736 651 810 710 sacto
831 652 961 712 distincta
988 655 1053 715 suit.
1096 653 1202 734 eralis

128 755 204 824 enirn
224 751 391 826 praedictio,
413 751 470 809 ulai
491 752 625 810 eveniunt
654 752 820 826 praedicta?
862 752 913 813 Aa
933 752 1106 830 Sophoclem
1135 768 1202 816 tau-

125 865 223 929 topere
246 862 383 928 rrrrgatum
404 871 467 911 esse
484 853 692 928 existimemus,
713 851 864 914 utAiacem
880 857 990 931 aliquid
1005 861 1119 917 omnino
1134 869 1201 918 anta

126 958 266 1016 dicentem
292 956 408 1029 lecerit,
438 974 489 1012 scu
512 956 639 1014 eveniret
658 955 690 1014 id
711 968 826 1033 postea,
865 978 917 1017 seu
946 963 1027 1018 non?
1069 960 1202 1020 Profecto

126 1070 186 1118 tota
217 1057 371 1132 praedictio
399 1057 494 1130 inepta
517 1066 571 1114 est.
614 1053 653 1115 Et
685 1057 799 1132 quidem
826 1056 881 1118 hoc
907 1059 943 1118 ad
971 1063 1089 1120 alteram
1119 1065 1204 1137 quasi

125 1165 273 1220 internam
293 1178 405 1217 mosara
426 1158 565 1232 pertinet,
588 1179 639 1216 cur
658 1156 831 1234 Sophoclem
853 1161 1042 1235 praedictione
1063 1162 1203 1223 hocloco

125 1283 211 1323 ustam
243 1280 308 1320 esse
335 1279 450 1334 negem.
494 1256 649 1338 Qtraeritur
677 1264 777 1338 enim,
806 1274 903 1323 utrum
930 1285 1068 1339 personae
1098 1264 1203 1325 Aiacis

127 1362 334 1426 accommodata
353 1361 455 1420 ficisset
475 1361 530 1419 ista
551 1361 722 1436 praedictio:
750 1365 825 1439 qrrod
847 1386 930 1425 secus
950 1377 1003 1427 eat.
1046 1367 1131 1429 Aiax
1150 1389 1205 1443 per

127 1477 215 1527 totam
236 1462 410 1540 tragoediam
430 1481 558 1521 srvmrnus
578 1462 663 1524 heros
685 1466 867 1540 producitnr3
895 1471 946 1544 qui
977 1471 1089 1528 etiamsi
1120 1470 1203 1528 initio

127 1590 191 1629 cum
212 1566 307 1644 gladio
327 1567 358 1624 in
378 1583 481 1640 greges
502 1565 604 1641 irruit,
631 1577 725 1626 tamen
746 1566 799 1628 hac
819 1588 853 1629 re
872 1568 910 1631 de
928 1572 1023 1647 gloria
1044 1573 1106 1630 eius
1127 1570 1204 1629 nihil

127 1668 296 1745 detrahitur,
317 1666 368 1726 sed
388 1661 537 1725 Minervae
555 1664 610 1726 hoc
631 1669 809 1728 tribuendum
829 1678 885 1748 cst,
905 1692 979 1748 qnae
999 1683 1124 1732 mentem
1139 1675 1204 1733 eius

127 1769 224 1833 errore
246 1776 418 1829 caecaverat.
460 1765 510 1825 Ab
531 1767 584 1828 hac
605 1771 654 1828 ubi
675 1791 731 1830 non
757 1782 894 1847 vexatur,
922 1794 960 1833 ne
989 1774 1111 1850 digitum
1139 1778 1206 1850 qui-
1237 1828 1245 1841 ,.

127 1875 192 1934 dem
214 1894 230 1933 a
252 1874 297 1932 via
318 1868 415 1929 herois
435 1869 566 1929 declinat.
610 1869 690 1950 Quin
710 1872 760 1931 illa
781 1875 843 1948 ipsa
858 1893 944 1933 saeva
958 1876 1113 1951 iracundia,
1135 1898 1205 1955 clara,

129 1977 220 2036 donec
240 1974 342 2049 periit,
370 1970 492 2033 Atridas
518 1984 548 2032 et
571 1971 706 2050 Ulyssem
733 1976 795 2035 sine
818 1978 1029 2039 intermissione
1056 1982 1217 2055 persequi-''

46 2088 50 2099 '
128 2089 193 2155 tar,
214 2086 243 2135 et
264 2096 336 2151 qrrae
357 2076 491 2136 aramvel
512 2075 549 2134 ad
570 2076 739 2137 occidendos
759 2097 810 2137 eos
831 2079 1018 2158 abstraxerat,
1040 2102 1096 2140 aon
1116 2082 1204 2141 modo

127 2201 186 2241 non
205 2180 307 2238 anolvit
327 2179 459 2237 virtutem
481 2179 544 2238 eius
563 2175 727 2254 heroicam,
747 2179 798 2238 sed
818 2181 1015 2241 incredibilem
1035 2185 1065 2240 in
1086 2184 1204 2242 modum

127 2292 223 2359 aug-ct.
267 2278 459 2341 Verissimum
489 2288 533 2339 est
561 2281 657 2354 enim,
686 2280 763 2355 quod
789 2279 959 2358 Lessingius
986 2286 1015 2342 in
1036 2283 1203 2347 Laocoonte

128 2393 244 2460 mouet,
280 2402 392 2441 morum
424 2379 500 2456 apud
536 2391 648 2441 veteres
670 2378 797 2442 Graecos
835 2385 1036 2445 excellentiam
1078 2389 1203 2461 positam

127 2487 218 2546 fuisse
237 2494 295 2543 tam
315 2485 346 2543 in
366 2482 531 2543 firmusbnc
552 2504 620 2559 erga
641 2486 748 2544 amicos
769 2505 885 2561 amore,
912 2507 996 2562 qrram
1017 2509 1085 2563 erga
1105 2490 1203 2549 inimi·

112 2609 179 2661 ¹cos
199 2589 372 2661 sempiterno
393 2585 470 2645 odio.
514 2583 569 2644 Cui
587 2585 756 2660 problemati
776 2590 841 2662 quis
869 2589 1058 2647 excellentius
1087 2590 1203 2651 satisl'c·

129 2693 169 2751 cit
189 2687 306 2748 Aiace?
348 2685 386 2747 Et
406 2687 521 2763 quidem
542 2685 623 2747 Aiax
642 2689 672 2746 in
692 2689 806 2765 fastigio
838 2700 893 2750 stat
920 2692 1030 2766 gloriae
1057 2690 1202 2772 heroicae,

128 2811 216 2869 qnam
237 2801 357 2850 mortem
377 2790 566 2849 voluntariam
585 2791 642 2849 sibi
663 2793 827 2855 consciscit:
857 2813 912 2867 qua
942 2795 970 2853 si
997 2794 1084 2852 vitam
1104 2805 1203 2855 contu·

128 2895 277 2955 melissam
299 2892 454 2969 firgiebant,
475 2890 549 2950 nihil
569 2903 630 2951 erat
650 2892 727 2968 apud
745 2904 857 2955 veteres
877 2894 1043 2970 gloriosius.
1086 2892 1148 2955 Iam
1174 2899 1202 2957 si

54 3008 59 3017 ‘
128 3005 187 3056 tam
205 2993 390 3055 honorificum
409 3014 442 3053 ac
462 3014 552 3069 paene
573 3015 708 3070 magnum
729 3007 789 3056 erat
810 2998 983 3072 inexpiabile
1009 3008 1079 3074 e'rga
1105 3000 1202 3058 inimi·

130 3118 179 3159 cas
201 3096 318 3175 chum,
350 3106 445 3173 patet,
475 3108 648 3172 quantopere
677 3095 733 3159 boc
757 3109 853 3158 nostro
872 3099 933 3158 loco
956 3109 1072 3158 ornetur
1092 3102 1203 3177 magni-

129 3201 199 3261 tudo
220 3197 342 3277 Aiacis,
364 3200 413 3258 ubi
433 3199 483 3259 vel
502 3198 610 3258 ultimis
630 3203 706 3260 vitae
725 3204 896 3280 momentis,
917 3207 1000 3277 quasi
1021 3212 1201 3279 testamento,

130 3302 251 3365 Atridas
271 3313 300 3362 et
307 3300 446 3379 Ulyssem
462 3301 554 3360 denuo
570 3312 744 3377 exsecratur,
766 3303 912 3363 declarans
923 3325 959 3363 ne
974 3305 1075 3363 martis
1087 3304 1204 3379 quidem

129 3409 368 3484 propinquitatem
403 3402 517 3463 efficere
535 3404 566 3462 in
593 3424 626 3463 se
653 3424 757 3480 possa,
785 3415 817 3464 ut
846 3406 1023 3465 inimicorum
1051 3382 1244 3549 oblivisce-¹

129 3520 187 3570 tarr.
208 3542 212 3548 ·
229 3505 352 3569 Maximi
372 3507 461 3582 igitur
480 3508 616 3565 momenti
635 3505 690 3566 hac
710 3506 775 3566 loco
796 3509 954 3567 exsecratio
976 3511 1031 3566 ista
1051 3518 1111 3582 est,
1134 3511 1204 3584 qnia
1226 3490 1229 3495 ¹

129 3608 294 3687 magnitudo
315 3607 435 3684 Aiacis,
464 3629 549 3683 qrram
569 3612 670 3683 poe'tae
690 3611 821 3684 inprimis
842 3613 1017 3685 propositam
1044 3610 1135 3669 fuisse
1164 3630 1202 3673 ax

130 3724 189 3773 tata
216 3712 312 3773 fabula
338 3711 525 3786 intelligitur,
561 3709 615 3770 hac
643 3714 837 3783 exsecratione
862 3733 1044 3786 summopere
1071 3723 1206 3789 augetur,

131 3814 198 3893 Quo
218 3817 312 3873 miuus
333 3814 451 3873 tolerari
472 3823 566 3887 potest
584 3833 681 3872 cortun
704 3816 818 3888 opinio,
845 3818 894 3889 (pri
914 3818 1010 3873 nescio
1030 3835 1083 3890 qua
1105 3816 1203 3875 subtili

132 3918 168 3977 de
204 3937 286 3976 causa
314 3935 412 3975 amnes
443 3912 496 3973 bos
532 3925 651 3988 quatuor
677 3935 776 3974 versus
805 3919 918 3990 sprums
946 3935 1010 3975 ease
1030 3915 1202 3977 indicavere.
1227 3971 1231 3979 .

133 4015 194 4079 Sed
219 4020 364 4093 qrraeritur
388 4037 456 4092 prae
484 4018 614 4076 omnihus
641 4014 716 4091 hoc,
752 4027 848 4075 utrum
876 4018 957 4076 locus
983 4019 1120 4076 sustineat
1145 3932 1243 4155 ubil

134 4123 360 4182 vaticinationem
380 4120 489 4178 ialerri.
533 4116 635 4177 Solum
652 4139 690 4178 ne
718 4120 755 4179 sit
775 4121 954 4194 vaticinatio,
976 4118 1104 4194 impedit,
1127 4116 1229 4195 qrroffl'·

131 4227 215 4300 poeta
235 4242 329 4283 meros
351 4222 488 4299 optativus
509 4223 607 4298 posuit
613 4266 623 4296 ,
654 4222 757 4297 qutibas
780 4220 903 4282 efficitur
922 4223 1085 4299 primariam
1105 4224 1201 4282 notic-
