2678 4816
210 391 274 463 142
583 389 811 455 *CAPUT
853 389 913 453 Vl·

210 585 271 666 Qui
299 594 343 644 est
373 585 571 642 brevissimus.
631 580 704 642 Nam
734 577 812 642 ἀλλὰ
844 594 888 641 est
917 580 1044 642 sendern
1076 582 1287 657 respondetque

209 687 389 764 praecellenti
410 689 553 760 negationi
576 680 612 744 mi
634 687 739 764 ταρβῶ
760 681 814 744 τὸν
836 679 890 744 σὸν
913 678 1021 765 φόβον.
1074 683 1108 743 ln
1138 707 1195 759 quo
1218 685 1288 760 quid

208 800 254 850 est
276 789 389 847 taudem
412 788 580 845 insolitum?
609 784 695 846 Certo
716 789 900 862 planissimus
921 807 1023 845 versus
1053 797 1150 862 esset,
1180 788 1206 847 si
1230 783 1287 846 So·

209 890 345 967 phocles,
367 890 472 948 omissa
493 910 566 948 nova
586 893 752 966 negatione,
785 892 825 948 ita
846 890 907 947 sere
930 889 1065 948 dixisset:
1096 884 1150 948 τὸν
1172 883 1227 948 σὸν
1251 883 1288 947 od

210 994 317 1072 ταρβῶ
339 985 458 1072 qo'sson,
481 986 631 1050 ἀλλὰκαὶ
654 992 710 1068 σῆς
728 985 833 1070 χειρὸς
853 992 1050 1070 καταφρονῶ.
1097 988 1157 1050 Sed
1179 992 1287 1066 placuit

209 1097 238 1156 ei
259 1096 427 1154 seutentiam
447 1096 579 1168 negative
598 1095 769 1168 exprimere.
813 1091 886 1152 Tota
899 1113 967 1151 vero
984 1095 1134 1166 sementia,
1154 1095 1181 1152 si
1198 1094 1287 1152 rerba

207 1202 312 1274 poetae
339 1198 369 1253 in
397 1215 485 1269 panca
515 1197 700 1269 conferimus,
729 1195 801 1254 haee
829 1206 890 1254 est:
925 1189 978 1265 ξὺν
1006 1196 1050 1274 τῷ
1080 1190 1187 1275 δικαίῳ
1215 1190 1287 1253 οὐδὲ

210 1292 343 1379 στρατὸν
359 1292 498 1372 Ἀχαιῶν,
522 1293 595 1356 onid'e'
613 1318 659 1356 τοι
679 1291 736 1374 σὴν
752 1303 843 1378 χεῖρα
864 1297 980 1376 ταρβῶ.
1025 1293 1086 1353 Sed
1107 1296 1214 1369 placuit
1240 1293 1288 1354 hio

209 1421 323 1477 quotpre
344 1403 445 1474 potitae
461 1401 590 1485 ⁸alteram
616 1398 702 1457 huius
727 1401 884 1458 sententiae
909 1409 1019 1474 qmrtem
1039 1408 1182 1470 tamquam
1198 1399 1287 1473 paulo

209 1504 368 1580 graviorem
397 1511 481 1575 atque
504 1503 689 1576 insigniorem
715 1502 887 1578 depingere,
916 1523 1004 1577 quum
1034 1500 1160 1575 proiecto
1191 1500 1288 1575 magis

208 1603 361 1665 metuenda
379 1614 455 1661 esset
469 1600 587 1679 Ulyssis
607 1605 742 1662 violentia
761 1605 935 1679 praesentis,
959 1624 1043 1678 quam
1062 1603 1206 1660 exereitus
1226 1602 1288 1663 A'r·

209 1709 359 1783 givorum,
383 1706 431 1778 qui
452 1725 536 1778 quam
554 1705 719 1780 longissime
734 1706 849 1780 aberat,
880 1716 909 1764 et
931 1709 1009 1766 cuius
1027 1714 1175 1778 antequam
1193 1722 1287 1778 poena
1318 1784 1321 1789 Ι

209 1829 275 1869 eum
291 1816 501 1881 assequeretur,
529 1806 636 1865 dudum
657 1826 699 1866 ex
718 1809 845 1866 omnium
869 1818 1021 1885 conspectu
1045 1808 1152 1866 abiisse
1174 1814 1288 1882 poterat

208 1907 423 1984 Neoptolemus.

296 2009 338 2070 V.
357 2019 387 2071 3.
414 2008 472 2069 Hic
491 2028 592 2069 versus
608 2012 712 2069 iterum
732 2009 888 2070 secundum
914 2032 1013 2070 omnes
1038 2011 1148 2069 codices
1164 2006 1287 2087 Ulyssis

209 2124 263 2174 est.
308 2110 363 2171 cui
385 2133 470 2186 quam
489 2114 570 2169 uince
588 2116 751 2188 conveniat,
782 2132 839 2171 uon
861 2124 923 2188 est,
945 2113 1022 2188 quod
1043 2114 1141 2171 multis
1165 2112 1286 2171 demon·

208 2226 331 2290 stretur,
352 2225 503 2289 postquam
529 2215 616 2272 etiam
644 2216 673 2271 in
693 2212 746 2274 hae
767 2234 799 2272 ra
818 2216 960 2274 tractama
980 2217 1085 2290 optime
1104 2234 1137 2273 ao
1160 2216 1288 2291 sagacis&

140 2364 143 2369 -
210 2321 282 2378 sime
304 2313 680 2377 versatusesthuderus
699 2318 809 2376 innota
830 2319 924 2375 critica
944 2319 1007 2376 loco
1033 2318 1190 2377 subiuncta.
1232 2313 1287 2374 Ni-

213 2419 256 2480 hil
285 2421 448 2494 perversius
471 2419 556 2489 novi,
586 2439 672 2492 mam
700 2421 724 2477 si
745 2417 951 2493 Neoptolemus
979 2419 1015 2478 ad
1038 2416 1176 2496 Ulyssem
1199 2416 1286 2476 dicit:

212 2515 329 2601 αὖτᾶρα
354 2519 492 2598 Τρωσὶν,
516 2514 593 2578 ἀλλὰ
616 2518 664 2578 σοὶ
685 2515 885 2598 μαχούμεθα.
936 2520 1029 2597 Quasi
1048 2542 1115 2579 vero
1136 2540 1192 2579 non
1209 2517 1288 2579 Neo·

207 2625 352 2700 ptolemus
379 2624 435 2698 sit,
457 2641 558 2680 verum
579 2619 718 2696 Ulysses,
742 2624 791 2696 qui
809 2622 891 2681 saetis
913 2625 973 2681 suis
989 2621 1154 2698 prohibeat,
1175 2642 1213 2681 ne
1233 2638 1287 2680 ex·

208 2736 351 2802 pugnetur
365 2722 463 2783 Troia.
507 2721 651 2797 Apertum
675 2733 719 2782 est
743 2725 818 2782 enim
842 2744 927 2800 eum,
949 2732 1045 2784 eontra
1065 2744 1150 2799 quem
1174 2725 1226 2782 illa
1242 2722 1289 2783 dt·

209 2839 325 2902 eantare,
347 2827 461 2901 faeere,
483 2847 538 2901 quo
555 2826 693 2900 impediat
712 2827 951 2901 expugnationem
969 2825 1092 2902 Troiae,
1115 2846 1148 2885 ae
1168 2836 1288 2901 propte·

208 2950 259 2989 rea
277 2930 372 3004 ipsum
394 2938 458 2986 ante
477 2928 667 3001 superandum
691 2948 774 3007 esse,
796 2948 881 3003 quam
905 2928 941 2986 ad
967 2928 1184 3004 expugnandam
1201 2928 1289 2989 illem

208 3030 427 3107 progrediantur
449 3027 563 3090 Graeci.
608 3029 666 3110 Qui
693 3051 781 3105 (quum
801 3032 840 3089 sit
857 3028 1062 3104 Neoptolemus
1088 3051 1185 3091 arcum
1206 3028 1288 3090 Her·

208 3134 322 3193 culeum
345 3131 516 3191 Philoctetae
533 3134 646 3208 sinens,
672 3153 728 3189 uon
746 3133 841 3189 minus
862 3140 1063 3206 ‘apertum'est
1089 3130 1288 3193 contra'Neo·

112 3250 115 3256 '
207 3236 365 3312 ptolemeus
385 3235 436 3292 illo
454 3234 510 3293 dici
528 3233 612 3292 et'alt
631 3230 739 3310 Ulysse
761 3233 827 3294 diei.
872 3229 933 3291 Sed
948 3233 995 3291 'odi
1009 3231 1212 3293 Wunderumk·
1242 3240 1247 3249 '
1285 3254 1288 3259 ·

243 3368 246 3375 ·
294 3332 337 3396 V.
355 3341 385 3394 4.
414 3333 509 3393 Etiam
523 3334 610 3394 verba
632 3329 708 3393 ibren
730 3329 764 3394 τὸ
786 3331 898 3412 μέλλον
919 3335 1030 3394 codices
1047 3356 1101 3394 una
1120 3357 1191 3395 voce
1206 3327 1289 3397 Neu·

208 3439 336 3515 ptolemo
361 3438 515 3512 assignant.
564 3433 664 3510 Atque
689 3435 737 3494 lrio
759 3457 871 3510 quoque
897 3434 1084 3498 Wunderum
1106 3444 1218 3498 testord'
1233 3460 1285 3515 ap·

207 3542 313 3616 pello,···
325 3558 410 3614 qiam
425 3541 461 3598 sit
476 3548 691 3612 praeposterum
710 3558 744 3596 ea
761 3535 865 3614 Ulyssi
883 3536 961 3598 dare.
1008 3538 1089 3598 Nam·
1104 3550 1133 3599 et
1156 3543 1208 3600 ille
1233 3542 1285 3600 do·

208 3644 284 3716 cuit,
304 3654 334 3701 et
351 3644 414 3715 ipse
428 3641 519 3714 paulo
540 3649 606 3698 ante
624 3641 842 3698 commemoravi
859 3644 1155 3714 prorsusnecessario
1181 3644 1212 3700 in
1229 3642 1287 3702 liae·

208 3755 266 3804 tota
283 3754 364 3818 parto
381 3741 562 3818 tragoediae,
586 3760 658 3814 quae
676 3743 768 3799 rixam
789 3739 817 3799 U
820 3742 908 3818 lyssis
931 3753 960 3802 et
982 3741 1163 3818 Neoptolemi
1190 3746 1283 3803 conti·

208 3857 289 3918 neat,
309 3846 392 3903 illmn
413 3862 478 3902 esse
500 3843 604 3902 debere
625 3841 851 3918 aggredientem,
873 3843 948 3902 lium
969 3842 1185 3924 defendentem,
1208 3848 1281 3923 sire,

208 3960 242 4008 ut
257 3948 352 4008 verbis
368 3943 516 4005 Wundeu’
536 3954 616 4016 utar,
639 3946 723 4003 illum
747 3948 907 4003 certaminis
931 3946 1025 4005 facore
1046 3949 1174 4020 initiare,
1195 3946 1280 4023 lasne,

208 4062 243 4111 ut
262 4049 421 4109 modestmn
440 4049 578 4106 invenem·
592 4067 626 4105 ac
648 4050 833 4122 generosum,
855 4048 1116 4122 excipere'tantum
1132 4051 1280 4125 impetum.

207 4146 303 4211 Etiam
321 4149 484 4208 Erfurdtius
505 4149 542 4207 ad
560 4155 687 4208 v.12so
705 4140 847 4208 intellexit
863 4148 980 4226 Ulyssis
1003 4151 1091 4208 indoli
1112 4154 1280 4213 convenien-

209 4256 269 4316 tius
284 4272 368 4333 esse,
389 4261 421 4312 ut
434 4254 499 4327 ipse
512 4253 592 4328 prius
606 4251 729 4312 narratu
746 4262 831 4327 atque
845 4251 965 4311 nterim
985 4252 1100 4312 demum
1113 4255 1201 4313 minis
1215 4272 1279 4330 per-
