2678 4816
330 358 868 469 ‚rnrnocrarnsf
1008 332 1012 345 ι
1103 384 1165 449 135
1242 422 1247 431 -

88 573 171 648 plura
191 571 317 628 omnium
337 572 473 644 generum
503 569 533 626 in
563 567 689 644 qualibet
709 567 885 648 paragrapho
905 570 971 631 libri
991 568 1164 634 Seidlerioni

88 681 254 747 occurrant,
274 672 405 745 inprimis
424 691 490 747 pag.
514 677 554 730 18
570 700 614 714 --
630 674 682 746 24,
702 692 768 748 pag.
793 679 853 735 189
870 703 911 718 -
927 679 1000 735 192.
1043 672 1166 736 Accedit

88 784 184 834 antem
205 772 308 831 horum
329 774 456 831 locorum
477 773 635 830 auctoritati
656 774 802 848 analogia,
834 796 919 848 quam
946 786 1061 848 vocant,
1091 778 1164 837 alio·

87 899 153 937 rum
171 896 364 933 numerouun.
406 871 480 932 Nam
500 883 529 932 et
548 875 683 950 glyconci
703 895 915 950 saepenumero
927 879 957 935 in
986 877 1161 954 antistropha

88 980 261 1056 glyconeum
280 977 335 1038 sibi
356 978 517 1050 oppositum
538 974 641 1034 habent
659 979 753 1036 minus
783 999 902 1054 purum,
931 981 1012 1038 cuins
1038 982 1082 1039 rei
1111 1001 1163 1040 ex·

88 1082 184 1155 empla
205 1101 258 1138 sex
279 1081 453 1138 enumeravit
474 1075 622 1137 Soidlerns
650 1078 686 1136 ad
707 1077 777 1137 Eur.
800 1078 849 1137 El.
883 1087 944 1140 1-22
977 1082 1061 1152 [vide
1083 1079 1162 1142 Eun·

87 1183 155 1242 dem
184 1181 221 1239 ad
241 1179 290 1239 El.
315 1182 388 1254 735,
409 1177 512 1239 Herm.
542 1177 637 1239 Elem.
659 1181 749 1239 doctr.
767 1193 850 1240 metr.
879 1204 909 1256 p.
932 1187 994 1244 425
1024 1203 1100 1259 sqq„
1132 1195 1162 1244 et

88 1305 175 1360 snpra
195 1288 216 1356 t.
240 1287 292 1357 6],
312 1291 341 1341 et
362 1281 530 1341 choriambis
551 1283 702 1356 interdum,
725 1285 854 1358 inprimis
875 1305 892 1343 a
910 1286 1035 1360 comicis,
1060 1288 1089 1343 in
1112 1306 1162 1344 an·

88 1385 229 1461 tietropba
251 1385 383 1458 dipodiae
403 1387 539 1443 iambicae
560 1395 738 1458 oppormntnr
763 1391 810 1457 [v.
832 1383 934 1448 Herm.
949 1388 979 1445 ’1.
1002 1408 1028 1445 c.
1048 1408 1078 1462 p.
1098 1393 1162 1449 427

88 1488 164 1564 oq.].
184 1485 308 1561 xItaque
329 1486 383 1545 boc
405 1487 520 1561 quidem
541 1507 598 1543 non
617 1485 734 1544 dubium
756 1497 815 1562 est,
846 1490 916 1564 quin
942 1490 1052 1549 formae
1073 1489 1161 1550 decb·

87 1594 196 1650 miacae
224 1592 255 1648 in
283 1590 453 1647 carminibus
481 1586 691 1662 antistrophicis
712 1610 768 1648 non
793 1600 900 1651 tantum
918 1593 1027 1667 possint
1040 1595 1161 1668 variare,

87 1692 141 1755 sed
163 1694 249 1751 etiarn
270 1692 436 1765 saepissime
463 1692 582 1750 varient.
627 1689 713 1770 Quae
742 1714 829 1767 quum
858 1695 915 1750 sint
945 1676 1001 1769 ita,
1035 1696 1162 1770 profecto

88 1815 147 1855 non
166 1794 249 1854 rideo
259 1839 268 1868 ,
291 1793 362 1867 qnid
382 1801 479 1850 nostro
500 1793 530 1848 in
550 1792 618 1850 loco
635 1793 828 1870 trepidemus,
860 1795 887 1853 si
905 1804 951 1854 est
970 1788 1162 1873 scribendum,

89 1896 167 1974 quod
187 1906 216 1955 et
236 1905 353 1970 propter
380 1895 547 1952 sententiam
575 1913 608 1952 ac
636 1898 872 1955 constructionem
898 1897 1049 1956 rcrbomm
1079 1917 1162 1972 prae·

88 1999 294 2061 attentissimum
315 2006 432 2057 estnec
453 2005 569 2069 propter
589 2016 738 2055 numerum
758 1997 819 2056 ullo
840 2008 922 2073 pacto
943 2000 1088 2060 vitiosum.

176 2203 243 2261 Duo
264 2211 371 2261 restant
392 2201 572 2260 corasideratn
590 2200 692 2276 dignae
721 2224 826 2279 unum,
855 2203 922 2279 quid
944 2196 1160 2262 πτωκόόνον

87 2309 202 2366 nominc
222 2303 438 2379 intelligendum
459 2305 514 2378 sit,
537 2304 680 2380 alterum,
714 2305 782 2380 quid
809 2304 987 2364 statuendam
1008 2305 1044 2364 de
1064 2305 1160 2366 verbis

89 2407 220 2482 codicum
242 2400 284 2464 οὗ
305 2399 377 2484 peip
399 2398 455 2462 ἴθ’
480 2403 491 2462 1³
498 2423 518 2464 a
521 2395 605 2482 χόω
630 2406 779 2465 manifesto
801 2407 952 2481 corruptis.
994 2404 1082 2466 Prior
1101 2407 1160 2467 iam

90 2511 126 2568 ab
144 2506 311 2567 Hermanno
339 2506 470 2580 expedita
493 2501 620 2582 quaestio
642 2517 703 2583 est,
733 2511 782 2583 qui
812 2508 1012 2567 demonstrarit
1041 2498 1159 2566 νντνοκό·

91 2609 150 2681 aaa
178 2630 242 2669 esse
271 2629 465 2685 nequaquam,
498 2609 529 2667 id
560 2608 636 2682 quod
663 2619 704 2668 tot
740 2611 796 2669 riri
829 2609 905 2669 docti
940 2611 1158 2684 somniarenmt,

90 2712 269 2789 Harpyias,
297 2709 349 2770 sed
366 2713 496 2770 universe
509 2712 644 2792 fugaces
668 2732 744 2770 aves.
788 2710 827 2771 Et
847 2732 915 2775 sane
943 2713 1007 2786 quis
1036 2731 1160 2787 nuquam

86 2816 200 2875 audivit
227 2816 340 2890 priscae
357 2812 469 2870 fabulae
490 2811 637 2888 Harpyias
657 2833 674 2871 a
692 2817 779 2887 potita
797 2832 898 2891 graeco
920 2833 977 2872 non
997 2804 1083 2873 modo
1102 2833 1160 2872 nou

90 2913 148 2988 τοὶς
169 2907 349 2987 aromaticae,
380 2914 432 2971 sed
457 2914 624 2988 simpliciter
645 2909 808 2986 πτωκόόας
829 2936 893 2976 esse
919 2917 1098 2990 nominatas,
1131 2925 1161 2975 et

92 3018 207 3096 quidem
227 3015 373 3092 Harpyias
394 3017 433 3072 ita
455 3018 611 3074 nominatas
640 3035 721 3090 esse,
750 3037 873 3090 quarum·
897 3024 1073 3092 nequaqnam
1100 3026 1160 3076 tam

93 3122 192 3181 crebro
213 3119 319 3177 mentio
341 3117 375 3174 fit
394 3117 469 3191 apud
491 3114 647 3192 Tragicos,
668 3128 700 3176 nt
719 3115 774 3177 boe
794 3119 928 3194 arnbiguo
947 3129 1034 3193 atque
1048 3117 1160 3176 infinito

91 3222 229 3284 vocabulo
257 3229 286 3279 ct
315 3219 458 3295 designari
485 3229 513 3277 et
540 3217 706 3294 designatae
726 3220 848 3296 intelligi
869 3229 982 3295 queant.
1025 3216 1160 3278 Notabile

92 3335 138 3385 est
167 3325 244 3382 enim
272 3341 366 3396 neque
390 3320 464 3395 apud
486 3318 658 3395 Sophoclem
677 3341 770 3397 aequm
800 3320 877 3397 apud
896 3318 1062 3395 Euripidem
1082 3318 1160 3379 Har·

91 3430 176 3504 pyias
198 3427 268 3484 istas
290 3443 413 3497 nuquam
434 3443 491 3481 non
511 3421 598 3480 modo
616 3425 783 3482 nominatim
803 3418 1035 3498 cbmmemorari,
1053 3420 1106 3481 sed
1122 3442 1160 3481 ne

91 3527 248 3604 significari
275 3524 405 3600 ‹pridem3
435 3525 493 3582 nisi
520 3524 547 3582 si
565 3525 599 3582 in
616 3522 724 3584 Phineo
746 3524 872 3584 dramata
901 3526 1025 3602 satyrico
1046 3521 1160 3600 Sopho·

92 3631 145 3690 elis
173 3649 275 3687 nomen
304 3647 401 3686 earnm
425 3627 531 3699 passim
559 3625 727 3686 delitescere
762 3606 936 3687 censeamus.
979 3622 1069 3685 Unice
1097 3621 1160 3685 Ae·

93 3730 190 3809 sobyl.
211 3728 333 3788 Eumen.
358 3734 398 3788 50
419 3725 568 3804 Harpyiae
587 3749 644 3788 non
664 3731 856 3801 nominantur,
868 3747 977 3799 ,rerum
996 3725 1159 3806 significan-

93 3845 141 3894 tnr
163 3832 396 3910 appellanturque
416 3828 447 3888 Γ
444 3822 585 3911 οργόνεςε

215 4029 350 4116 πρόσθεν
372 4030 406 4097 δὲ
426 4027 557 4114 τάνδρός
577 4029 665 4094 τοῦδε
685 4025 869 4109 θαυμαστός
890 4024 981 4111 λόχος

215 4131 292 4197 elidar
314 4137 464 4217 γυναικῶν
485 4133 517 4196 ἓν
535 4128 693 4215 θρόνοισιν
712 4127 832 4210 ἥμενος.

215 4233 298 4300 odrae
318 4243 480 4317 γυναῖκας,
502 4231 581 4296 ἀλλὰ
600 4229 759 4316 Γοργόνας
779 4230 871 4313 λέγω·
