2678 4816
379 397 889 472 rn1nocterns.
1083 394 1196 482 “tior

122 597 260 674 adiuuet,
292 599 421 672 inprimis
443 598 492 654 ubi
515 599 579 673 quis
601 617 633 656 se
653 599 746 673 ipsum
771 597 806 658 od
828 599 935 676 alitptid
955 600 1117 663 faciundum
1147 625 1198 664 ex·

125 703 202 759 citat.
245 697 279 757 In
300 699 370 756 locis
391 720 459 757 vero
483 720 499 756 e
520 698 715 758 Demosthene
736 702 830 759 allatis
858 705 981 776 primum
1009 715 1053 764 est
1078 708 1198 766 interro·

118 805 219 879 gotio,
242 812 302 859 tum
324 794 450 878 πότερον
472 796 508 857 oe'
524 821 571 870 τις
592 835 635 844 --
656 803 712 882 φῇ,
741 794 804 862 εἶτα
827 799 928 862 ταῦθ’
950 791 1032 864 οὗτοι
1061 811 1197 867 πεισθῶ-

122 927 171 964 σιν
192 914 257 963 estz
285 918 382 961 utrum
412 917 564 960 nocareto
586 904 710 982 aliquem
732 908 795 976 eis,
821 907 902 964 cisne
926 924 974 966 eos
994 906 1122 985 credere,
1148 910 1198 969 ubi

119 1027 190 1064 nos:
212 1005 270 1063 soll
288 1008 368 1064 einer
389 1025 489 1078 sugeri,
511 1004 603 1065 sotter·
622 1005 701 1065 diosc
714 993 887 1082 glauben.ou
931 1007 1044 1088 Quibus
1063 1011 1196 1087 equidem

120 1106 191 1166 haec
211 1106 295 1164 addo.
341 1106 546 1165 Coniunctieus
565 1107 667 1166 modus
689 1119 733 1167 est
752 1107 908 1188 objectione
932 1113 1072 1170 incertum
1101 1117 1197 1188 expri-

118 1230 219 1284 mens,
242 1210 387 1284 optutiouo
408 1210 573 1283 exprimens
594 1209 670 1269 idem
691 1210 793 1269 modus
810 1209 992 1272 srrbr'ectioue.¹
1023 1211 1069 1289 ld,
1091 1215 1196 1291 dequo

120 1311 302 1386 deliberatur,
323 1315 464 1370 incertum
486 1322 549 1383 est}
572 1311 624 1370 sed
645 1333 701 1370 non
721 1322 816 1386 potest
836 1312 1001 1390 deliberari,
1013 1317 1079 1375 ‘nisi
1093 1316 1129 1376 de
1150 1339 1197 1394 eo,

121 1414 198 1490 quod
219 1434 307 1489 penes
328 1434 383 1471 nos
406 1422 468 1490 est,
498 1415 547 1471 vel
577 1413 651 1488 quod
674 1434 690 1471 e
712 1414 856 1473 voluntate
875 1425 970 1474 nostro
991 1417 1095 1491 pendet
1115 1417 1146 1478 h.
1168 1441 1197 1480 e.

120 1516 197 1592 quod
227 1513 395 1575 abiectiorem
424 1525 478 1575 cst.
521 1515 599 1575 Hinc
628 1516 731 1574 modus
762 1508 969 1576 deliberetivno
1003 1521 1197 1581 coniunctivut

120 1629 185 1694 est3
207 1619 264 1678 sed'
281 1606 318 1676 de
338 1618 461 1676 seeundo
483 1630 512 1677 et
534 1620 616 1677 tertia
637 1637 759 1691 persona
779 1620 921 1693 optativus
944 1632 1106 1695 rreurpotur,
1130 1626 1197 1698 quin

120 1742 179 1779 non
200 1740 350 1796 possumus
373 1721 533 1779 deliberare
553 1741 605 1795 pro
628 1721 713 1792 eliis,
735 1739 844 1795 neque,
859 1721 942 1795 ‘qnid
964 1718 1009 1779 his
1030 1724 1068 1781 sit
1089 1702 1198 1783 iaciun-

121 1823 206 1900 dum,
236 1823 355 1881 anobis
377 1822 498 1896 pendet,
529 1821 581 1881 sed
600 1822 634 1879 ab
655 1823 745 1896 ipsis,
776 1841 868 1896 neque
889 1822 977 1898 igitur
998 1821 1053 1882 hoc
1081 1824 1199 1887 obiecti·

121 1948 189 1984 vum
211 1935 266 1997 est,
289 1925 339 1983 sed
360 1923 556 1983 milieetivum.
599 1919 672 1981 Vid.
694 1920 797 1980 Herm.
821 1923 857 1981 de
880 1924 976 1998 ellips.
999 1936 1028 1984 et
1048 1928 1147 2000 pleon.
1168 1931 1200 1987 in

112 2024 234 2102 opusc.
257 2023 328 2084 Vol.
345 2023 374 2085 l.
397 2049 426 2101 p.
451 2032 524 2101 207,
547 2023 631 2083 et'od
652 2023 756 2100 Viger.
780 2046 809 2099 p.
832 2028 907 2085 74³.
951 2022 1040 2084 cutus
1061 2031 1105 2086 nei
1121 2028 1199 2088 diln-

122 2129 217 2188 cidnm
238 2128 401 2202 exemplum
425 2137 468 2185 cst
489 2130 519 2186 in
538 2123 806 2202 Soph.Aru.132‚
828 2126 911 2184 θεῶν
929 2146 961 2187 τε
982 2123 1075 2200 ναοὺς
1097 2127 1214 2208 ἐπέλ-Ι

121 2234 274 2307 θωμεν,
313 2220 329 2288 ὅ
364 2222 474 2308 Θήβας
507 2225 542 2288 d'
571 2225 706 2301 ἐλελίζων
741 2227 885 2304 Βακχεῖος
923 2220 1054 2307 ἄρχοι.
1097 2231 1199 2307 Itaque

123 2334 228 2392 dicitnr
247 2324 410 2409 perfidenter,
433 2341 464 2389 ut
488 2333 517 2388 in
539 2329 662 2390 Philoet.
685 2331 767 2402 535,
792 2332 878 2388 etiam
900 2325 971 2409 φέρε
993 2312 1050 2390 nvn
1068 2330 1197 2407 'trele'ctm

121 2445 156 2494 nt
178 2434 284 2492 ibidem
305 2455 332 2492 v.
359 2439 450 2493 1483.
494 2429 538 2491 At
566 2453 658 2506 neque
686 2430 742 2488 dici
769 2440 865 2505 potest
894 2426 1010 2510 tripedii
1031 2423 1089 2493 ὑπὸ
1117 2456 1200 2494 πτω-

121 2529 237 2611 iiten,
269 2545 298 2594 et
320 2536 410 2592 multo
432 2537 525 2592 minus
548 2529 641 2593 ἕλωσί
656 2554 695 2610 με
727 2526 901 2603 πτωκάδεςε
932 2554 998 2592 nam
1025 2534 1099 2594 illud
1124 2530 1199 2596 ἑλεῖν

121 2659 202 2697 mere
225 2650 268 2697 est
289 2636 475 2696 subiectioum
496 2636 526 2696 h.
548 2658 575 2695 e.
605 2636 689 2712 plane
711 2654 768 2693 non
788 2637 881 2694 estin
915 2653 1001 2694 menn
1022 2635 1200 2698 Philoctetae

123 2759 157 2799 se
179 2741 214 2798 ab
235 2741 334 2797 auibus
366 2738 489 2812 nnscrri,
521 2728 620 2797 uerum
649 2736 712 2805 hoc,
723 2738 806 2795 unice
827 2740 999 2812 cogitatione
1020 2740 1082 2798 eius
1112 2738 1200 2799 conti·
1256 2756 1260 2764 ’

122 2853 223 2901 netur:
248 2841 279 2899 id
300 2840 383 2915 quod'
395 2841 515 2914 requirit
545 2841 710 2915 optativum.
753 2837 851 2916 Quare
881 2837 951 2897 milri
978 2840 1103 2899 nondum
1134 2863 1200 2917 per·

127 2941 237 3003 suadeo
272 2937 361 3001 ἕλωσι
397 2941 473 2999 illud
503 2961 567 3000 esse
597 2941 714 3000 modurn
741 2937 935 2999 deliberandi.
978 2939 1077 3002 Potest
1105 2954 1201 3004 autem

123 3046 176 3104 ille
214 3047 373 3120 sententia,
414 3065 470 3119 age
500 3063 558 3118 per
592 3045 683 3102 altum
714 3039 856 3100 aetherem
893 3062 960 3101 eves
990 3062 1034 3103 me
1069 3048 1200 3119 capiant,

125 3148 238 3208 duobus
263 3147 328 3206 aliis
350 3158 495 3221 praeterea
515 3146 608 3205 modio
629 3145 770 3221 intelligi,
793 3154 858 3219 aut,
880 3154 913 3202 nt
931 3147 978 3203 cit'
990 3162 1067 3204 mera
1079 3149 1200 3224 optatio,

126 3259 193 3324 aut,
215 3258 247 3308 ut
268 3249 394 3307 dicatur:
411 3269 469 3324 per·
490 3268 534 3307 me
556 3249 622 3307 licet
642 3266 708 3306 aces
728 3264 773 3304 me
793 3249 923 3321 cupiunt.
966 3244 1012 3306 At
1032 3249 1110 3323 prius
1139 3269 1201 3308 cer·

127 3363 191 3411 tum
220 3361 264 3410 est
289 3370 408 3425 poscere
436 3352 608 3424 optetivt'im3
644 3350 732 3406 altera
766 3349 905 3406 sententia
938 3347 995 3407 non
1024 3349 1108 3407 modo
1139 3350 1201 3424 ipsa

126 3456 241 3529 citroque
263 3451 420 3511 subiectiora
441 3452 563 3526 ideoque
585 3452 707 3525 optativo
723 3448 958 3508 accommodatior
972 3460 1025 3524 est,
1047 3451 1098 3509 set
1115 3451 1201 3509 etiam

126 3555 185 3615 alia
206 3574 253 3613 ex·
264 3564 344 3628 perte
365 3554 473 3611 laborat
492 3555 627 3612 maxime.
669 3549 779 3625 Nempe
800 3562 844 3610 est
856 3570 892 3609 ce
905 3548 1027 3609 hominis
1044 3553 1201 3626 tranquilli,

127 3659 178 3732 qni
200 3666 308 3715 sortem
329 3676 410 3715 sitam
429 3654 502 3713 nihil
522 3665 612 3727 enmt,
634 3652 684 3711 sed
707 3672 798 3726 aequo
820 3652 1013 3727 immobilique
1034 3654 1115 3711 uultu
1135 3675 1202 3712 con·

128 3758 293 3832 templatim.
336 3755 381 3816 At
409 3759 605 3831 maximopere
638 3746 798 3813 mirandum
827 3764 921 3826 esset,
962 3757 989 3812 ei
1019 3752 1203 3830 Philocteteo,¹

128 3862 182 3936 qui
204 3860 285 3918 brevi
304 3869 373 3918 ente
394 3861 489 3918 uerbis
511 3856 543 3917 τί
562 3850 634 3916 eot'
665 3844 705 3915 nri
733 3877 786 3932 μοι
816 3850 851 3914 τὸ
881 3848 952 3914 κατ’
982 3842 1067 3934 ἦμαρ
1096 3851 1202 3929 lium

127 3961 187 4022 τοῦ
208 3972 280 4019 nore
302 3954 446 4036 τεύξομαι
475 3952 639 4035 σιτονόμυυ
667 3954 774 4035 μέλεος
802 3948 900 4015 πόθεν
928 3952 1048 4028 ἐλπίδος
1074 3957 1203 4016 dcclure-

127 4074 211 4124 verat
232 4082 264 4121 se
284 4081 370 4136 supra
392 4062 509 4123 modum
531 4077 581 4119 sua
602 4061 638 4119 de
660 4071 737 4120 sorte
756 4058 910 4118 sollicitum
939 4079 1021 4131 esse,
1051 4059 1203 4134 derepente

129 4176 278 4238 tantopere
308 4145 511 4238 percoluisset,
548 4173 582 4220 nt
609 4162 728 4220 dicerett
756 4181 815 4236 per
842 4181 886 4219 me
913 4159 980 4219 licet
1007 4182 1054 4218 me
1083 4161 1206 4234 cupiant

129 4288 211 4328 oves·
254 4263 335 4325 llaec
363 4277 448 4341 sunt,
477 4285 550 4341 quac
577 4284 623 4323 me
653 4255 850 4339 pcunovea'ntp
880 4272 912 4319 nt
932 4258 1090 4320 Hemmuui
1115 4262 1206 4319 inter*

910 4359 967 4423 o*
