2678 4816
200 359 265 427 160
578 354 802 423 CAPUT
845 357 920 424 Vll.

199 561 265 631 epte
286 549 407 612 dicitur:
430 549 506 628 veni,
527 550 554 611 si
576 546 714 628 Neptuno
734 552 909 633 eocmsscos3
932 555 1014 628 quasi
1036 555 1074 614 ita
1096 566 1205 616 tantum
1226 575 1279 617 se·

199 655 334 718 siendum
354 655 393 713 sit
412 650 548 730 Theseo,
564 657 591 714 ei
608 675 688 714 secra
709 652 842 730 Neptuno
862 656 956 715 saciat.
1017 655 1204 733 lllmsloium‚
1226 660 1278 735 qui

200 761 296 820 nescio
325 777 382 832 qua
414 755 542 816 machina
573 759 602 816 in
630 758 725 817 verbis
750 758 830 834 βᾶθι
851 759 932 836 βᾶθι
958 759 1107 819 subaudiri
1134 761 1213 820 iubet
1245 758 1279 833 ἓξ

200 857 309 936 οἴκων,
342 861 412 919 satis
437 861 496 919 iam
517 859 651 920 refutarit
671 858 865 921 Hermannus.
914 858 1015 920 Restat
1040 863 1142 938 igitur,
1172 873 1204 921 ut
1225 884 1280 922 no·

200 975 290 1027 sunm
312 963 347 1021 de
368 959 506 1020 hocloco
527 963 694 1021 sententiam
716 965 895 1039 aperiamus,
918 983 990 1037 quae
1011 963 1082 1023 haec
1102 973 1156 1023 est.
1204 965 1279 1025 Per·

200 1066 318 1127 ticulam
340 1058 395 1122 rice
414 1063 586 1139 respondere
609 1064 869 1140 alteri-particulae
888 1065 1072 1125 disiunctivae
1092 1085 1212 1140 prorsus
1234 1075 1279 1126 est

201 1168 405 1229 necessarium.
455 1163 515 1225 Nec
542 1166 695 1242 quidquam
716 1170 780 1226 usui
801 1166 887 1226 locrius
908 1168 1063 1242 particulae
1084 1168 1280 1227 accommoda·

202 1274 260 1332 tius
282 1279 342 1344 est,
357 1287 442 1343 (pram
463 1267 575 1328 diversa
594 1279 679 1344 atque
700 1271 830 1344 opposita
846 1270 896 1328 'vel
920 1269 1076 1328 verbovel
1097 1291 1161 1331 res:
1183 1290 1279 1345 neque

201 1376 279 1434 enim
308 1370 461 1447 quidquam
490 1372 598 1430 maiore
624 1373 687 1430 iure
708 1371 895 1448 disiungitur,
925 1364 1014 1448 quam
1031 1371 1141 1431 eadem.
1196 1370 1279 1451 Quid

202 1477 290 1552 igitur
308 1473 492 1532 verisimilius
514 1483 575 1549 est,
603 1493 690 1549 quem
716 1471 770 1531 lroc
792 1473 855 1532 loco
877 1472 1016 1532 disiuncta
1039 1474 1130 1533 fuisse
1150 1493 1167 1532 a
1189 1480 1279 1549 poe‘ta

202 1599 255 1653 ee,
285 1596 357 1651 qrrae
386 1585 486 1633 natura
507 1595 559 1633 sara
580 1575 721 1635 disiuncta
742 1584 824 1650 suunt,
853 1567 952 1655 ἄκραν
974 1584 1005 1635 et
1024 1568 1162 1657 ydolov?
1194 1574 1280 1656 Quae

202 1681 276 1740 ratio
305 1696 362 1735 non
391 1686 499 1734 tantum
527 1678 626 1736 sensui
653 1676 709 1735 loci
737 1675 964 1735 commodissima
993 1698 1026 1737 ac
1052 1678 1281 1737 fructuosissime

203 1792 259 1858 est,
281 1778 333 1838 sed
353 1778 440 1836 etiem
460 1787 610 1851 prmpterea
630 1780 783 1837 maximam
800 1778 1069 1838 commendationem
1085 1776 1181 1852 habet,
1200 1781 1281 1856 qrrie,

204 1900 319 1959 quoquo
346 1889 375 1938 te
403 1888 515 1953 vertas,
540 1879 619 1937 nullo
648 1890 729 1953 pecto
750 1889 870 1955 possuntt
889 1884 1028 1956 coniunge·
1047 1875 1145 1960 ἄκραν
1163 1874 1283 1961 γύαλον

203 1993 321 2061 propter
347 1990 475 2039 naturam
503 1978 688 2041 disiunctum.
740 1979 839 2056 ltaque
866 1982 977 2056 pridem
996 2003 1061 2041 sum
1082 1992 1142 2042 teto
1162 1993 1282 2058 pectore

204 2086 357 2161 ernplexus
378 2084 635 2159 ingeniosissimam
657 2085 845 2142 coniecturam
865 2080 1005 2161 Reisigii,
1026 2086 1076 2161 qui
1097 2087 1137 2145 ita
1159 2086 1281 2146 scribite

205 2183 243 2249 lai
265 2192 337 2259 noi,
363 2185 444 2262 βᾶθι
471 2179 565 2259 βᾶθζ
588 2178 646 2244 εἴτ’
670 2176 767 2266 ἄκραν
796 2177 892 2263 ἢ’πλ
920 2178 1058 2265 γυάλων,
1087 2198 1116 2247 et
1137 2208 1211 2263 quae
1233 2208 1282 2248 se·

205 2300 349 2367 quarntur,
376 2290 436 2346 sive
463 2289 495 2345 ἰα
522 2290 593 2362 iugo
621 2290 725 2346 montis
751 2289 812 2346 sive
840 2288 873 2346 c'n
900 2287 976 2346 nolle
996 2289 1087 2370 forte
1106 2295 1187 2351 sacri
1214 2308 1281 2353 cese

205 2391 291 2454 mode
311 2390 434 2449 retineas
455 2389 603 2464 vulgatum
623 2382 789 2468 γύαλον,
819 2388 894 2464 quod
921 2410 1015 2466 neque
1043 2411 1126 2451 carrea
1158 2401 1203 2452 est
1231 2412 1283 2453 cur

205 2498 237 2556 iu
257 2487 377 2574 γυάλων
398 2492 578 2565 immutetur,
607 2501 636 2550 et
657 2493 683 2551 si
703 2492 917 2568 immutaretur,
947 2472 1024 2552 certe
1045 2496 1129 2553 etiam
1151 2496 1282 2556 scriben-

206 2596 275 2669 dum
293 2604 368 2655 esset
389 2585 497 2672 ἄκρας.
548 2589 627 2651 lllnd
657 2585 792 2669 autemid
820 2586 865 2651 'ul
884 2587 997 2672 γύαλον
1017 2597 1122 2655 mirum
1142 2609 1286 2673 quantum

206 2708 324 2775 repente
344 2697 396 2755 toti
416 2695 479 2753 loco
508 2694 686 2752 lenissimum
709 2694 739 2750 in
760 2692 876 2753 modum
906 2694 1070 2774 medeatur,
1097 2719 1155 2757 non
1182 2699 1282 2758 solum

204 2818 322 2878 prornrs
342 2796 518 2857 satisfaciens
539 2795 694 2869 partiendae
716 2789 784 2872 εἴτε,
802 2796 856 2856 sed
876 2798 963 2857 etiem
981 2797 1178 2859 difficultatem
1192 2803 1281 2861 istam

206 2901 314 2963 tollens
334 2897 535 2957 vocabulorum
556 2891 654 2978 ἄκραν
673 2906 704 2958 et
723 2891 847 2976 γύαλον.
899 2896 966 2959 Ηοο
986 2893 1067 2978 ἢ’πὶ
1088 2922 1173 2976 quam
1195 2902 1281 2962 facile

207 3026 227 3065 ι
246 3001 455 3078 negligentibus
475 2984 599 3060 librariis
621 3001 651 3058 in
671 2996 717 3059 tut
739 3003 880 3076 corrumpi
895 3003 1028 3078 potuerit,
1049 3023 1106 3063 non
1123 3015 1179 3081 est,
1203 3000 1288 3081 qnod·

207 3106 305 3168 multis
325 3103 544 3162 demonstretur.
589 3096 698 3160 Sensus
718 3102 847 3177 inprimis
867 3114 1002 3178 quautrnn
1015 3103 1068 3165 lrac
1083 3105 1282 3167 emendatione

207 3208 319 3268 lucrum
339 3204 440 3279 iaciat,
459 3205 490 3261 in
510 3181 623 3278 prointu
644 3211 699 3262 est.
742 3200 804 3262 lam
825 3207 910 3264 etiam
931 3206 1085 3282 illucescit,
1108 3207 1175 3281 quid
1196 3206 1281 3269 sciro·

206 3311 308 3370 liastes
321 3308 376 3368 sibi
397 3305 522 3366 voluerit
542 3302 594 3362 hae
615 3302 809 3363 adnotatione:
831 3295 851 3383 ἦ
874 3301 933 3364 ἐπὶ
955 3301 1032 3386 πρὸς
1052 3302 1087 3368 τὸ
1106 3301 1214 3387 ἄκραν,
1232 3302 1279 3369 ἵν’

207 3399 249 3494 ᾖ,
278 3403 327 3469 ἐπ’
351 3401 448 3487 ἄκραν
468 3402 589 3485 πέτραν.
642 3402 702 3484 Qui
720 3407 763 3480 si,
794 3405 873 3480 quod
892 3406 1045 3468 credidisse
1064 3408 1197 3469 videntur
1217 3410 1281 3487 ple·

206 3516 306 3589 rique,
335 3508 389 3569 lroe
414 3509 570 3581 voluisset,
600 3497 696 3586 ἄκραν
727 3501 773 3564 tul
801 3499 915 3585 γύαλον
943 3509 1020 3569 idem
1042 3512 1205 3586 essequod
1228 3504 1280 3573 ἐπ’

209 3608 306 3695 ἄκραν
336 3607 463 3691 πέτραν,
494 3608 621 3684 prolecto
649 3609 693 3666 vir
719 3609 810 3666 bonus
826 3605 893 3667 'non
919 3621 1027 3670 tanatum
1055 3614 1171 3671 stultior
1188 3615 1281 3674 stulto

207 3719 311 3777 inisset
330 3723 415 3787 etque
435 3712 610 3786 imperitior,
631 3730 716 3784 quam
736 3708 792 3769 dici
812 3720 923 3787 potest,
950 3714 1091 3789 siquidem
1112 3723 1141 3772 et
1165 3706 1281 3793 γύαλον

209 3837 276 3879 esse
305 3814 504 3874 sonnriavisset
536 3808 646 3893 πέτραν
669 3822 697 3869 et
718 3809 883 3872 femininum
904 3834 968 3873 cum
992 3815 1148 3874 masculino
1168 3817 1283 3877 iunxis-

209 3932 272 3994 set,
303 3916 355 3975 sed
381 3916 465 3974 etiam
494 3913 637 3973 doorisset
662 3914 817 3986 lectorem,
847 3914 923 3990 qnod
950 3937 1022 3990 puer
1053 3919 1174 3992 quisque
1195 3922 1282 3996 sciat,

209 4020 449 4098 praepositionem
473 4016 509 4074 ad
536 4025 685 4089 utramque
712 4034 828 4091 vocem,
860 4026 890 4076 et
909 4016 1077 4076 adiectivum
1098 4030 1128 4078 et
1148 4020 1284 4080 substan·

210 4125 317 4198 tivum,
345 4121 497 4196 pertinere.
548 4114 608 4177 Sed
635 4114 689 4175 hoc
715 4117 848 4175 nirnirum
874 4117 949 4177 dixit
978 4122 1091 4194 poe'tam
1111 4121 1184 4181 bene
1206 4122 1285 4183 diri·

211 4245 281 4303 nam
295 4221 473 4300 sdnoliestes,
496 4212 593 4304 ἄκραν
610 4217 771 4305 significare
792 4211 890 4301 dapar
910 4216 1029 4303 πέτραν,
1048 4231 1079 4282 ct
1089 4226 1286 4299 praepositio·
