2678 4816
63 262 161 457 *et
396 369 424 420 a
504 362 724 426 caran
764 365 807 427 n.

121 562 221 634 opirn‘b
241 557 331 616 multo
353 557 467 632 gravior
487 556 524 613 sit
542 555 605 629 ipsa
627 552 800 636 felicitate:
829 557 906 632 quod
935 559 1010 616 auhn
1038 556 1200 634 suppletur,

56 676 63 690 ·
122 662 216 721 levins
235 659 304 733 quid
326 661 363 716 sit
382 678 498 717 neccsse
520 667 583 733 est,
616 678 702 730 quam
729 658 806 733 quod
834 669 939 718 exstet.
991 658 1081 718 Tents
1103 660 1201 735 culpa,

44 790 50 801 ·
121 785 179 821 non
201 763 285 820 modo
307 763 368 818 sine
390 762 465 819 omni
488 780 591 834 carten,
621 759 673 819 sed
703 758 881 834 ineptissimo
903 763 988 835 plene
1009 760 1094 821 modo
1114 782 1202 821 roca·

19 856 23 863 ¹
122 866 220 924 bulum
243 865 386 939 posuisse,
408 883 464 921 non
485 860 595 920 homini
616 860 778 937 imputanda
793 873 848 937 est,
869 865 986 921 minime
1003 865 1130 923 omnium
1144 861 1203 923 So·

123 966 229 1043 phocli.
272 965 397 1026 Necesse
418 975 463 1024 est
484 962 582 1024 ὄοκιΐν
602 966 683 1041 gravi
705 985 769 1024 cum
792 984 877 1024 csusa
898 967 1035 1041 scriptum
1056 968 1104 1039 sit,
1126 966 1203 1024 alio·

122 1071 172 1145 qui
193 1089 250 1129 nou
270 1067 355 1127 modo
376 1088 433 1125 non
453 1067 499 1126 his
520 1087 553 1125 ec
575 1067 709 1140 primario
730 1067 795 1126 loco
817 1066 951 1143 adesset,
973 1067 1025 1127 setl
1045 1069 1129 1143 plene
1149 1049 1211 1126 ah·-

124 1176 211 1231 esset.
255 1168 395 1245 Superest
415 1170 516 1245 igitur,
545 1181 578 1228 ut
603 1169 655 1227 ille
677 1166 776 1228 δοκῶν
797 1164 993 1246 εὐδαιμονίαν
1015 1166 1116 1250 φέρειν
1136 1173 1204 1245 opi·

122 1278 210 1333 nione
229 1282 340 1331 tontum
359 1272 434 1331 felix
454 1274 510 1349 sit,
535 1291 641 1331 reuera
662 1292 720 1330 non
740 1273 796 1345 sit,
828 1282 860 1330 ut
888 1270 1024 1330 videatur
1049 1269 1108 1332 sbi
1127 1271 1204 1332 felix

125 1395 208 1451 esse,
237 1395 336 1434 revera
357 1394 414 1435 uon
435 1376 490 1433 sit..
535 1371 573 1432 Et
594 1373 709 1449 quidem
732 1372 802 1433 hoec
822 1376 884 1434 sola
902 1373 1107 1450 interpretandi
1128 1374 1204 1433 ratio

125 1488 191 1554 est,
220 1499 293 1553 quae
319 1476 416 1534 verbis
440 1478 544 1549 po‘e'tae
575 1477 706 1535 convenit
735 1478 763 1535 si
793 1474 892 1536 δοκεῖν
916 1478 1054 1537 vertimus
1077 1490 1203 1552 pum·

87 1633 95 1652 ,
123 1579 168 1663 At
189 1582 247 1639 iam
267 1579 347 1639 hanc·
360 1580 528 1661 sententiam
548 1576 702 1638 habemus:
724 1575 852 1639 honines
865 1602 926 1639 nou
936 1593 1004 1639 uest
1015 1579 1140 1660 felices,
1161 1591 1205 1655 et,

124 1668 194 1745 wul-
238 1684 353 1753 ueniret,
382 1677 426 1739 ed
453 1679 648 1740 calunntntem
672 1695 813 1756 vergunt.-
841 1703 926 1758 qusm
947 1682 1113 1758 perversam
1137 1700 1204 1740 esse

124 1785 174 1863 vel
193 1787 288 1858 potins
309 1783 419 1843 annnam
440 1783 532 1857 quivis
553 1782 642 1842 videt.
685 1782 759 1842 Nem
776 1794 807 1842 et
830 1778 988 1844 ἀποκλῖναι
1010 1795 1040 1844 et
1060 1781 1104 1844 ud
1121 1783 1205 1844 cute»

124 1878 253 1959 peitatem
273 1906 393 1960 vergere
415 1884 576 1953 luculenter
596 1884 740 1944 declarant
757 1883 918 1961 hominem,
940 1884 977 1946 ‹le
998 1909 1054 1963 quo
1075 1887 1104 1945 id
1120 1906 1205 1962 prae·

128 1987 256 2061 «licetur,
289 1998 371 2046 antee
398 2006 458 2045 non
486 1980 594 2045 tentum
620 1984 755 2046 habuisse
784 2007 849 2046 sese
869 1987 1002 2064 felicem,
1031 1988 1083 2048 sed
1103 2008 1205 2048 revera

127 2092 224 2177 etiarn,
233 2091 333 2153 titisse.
376 2086 478 2164 Neque
499 2088 683 2165 enimselix,
712 2092 845 2164 quamvis
866 2093 1000 2164 opinione
1020 2092 1142 2166 infelix,
1168 2090 1205 2150 sd

127 2193 292 2252 felicitatem
312 2193 464 2279 pervenire
484 2201 598 2266 potest,
631 2213 687 2268 qua
708 2192 765 2250 ism
785 2193 902 2276 gavisura
927 2194 966 2252 sit
992 2203 1077 2268 ante,
1110 2212 1206 2267 neque

126 2284 241 2379 infelix,
261 2296 541 2370 quaemuis'opinione
559 2295 642 2370 felix,
663 2292 698 2352 ad
721 2295 909 2354 calamitatem
922 2295 1062 2370 inclinari,
1085 2315 1141 2369 quta
1161 2295 1206 2354 as-

127 2397 220 2459 t'ectus
249 2400 307 2457 iam
337 2399 447 2475 pridem
464 2398 572 2461 ,luent
622 2395 755 2471 Apparet
782 2398 950 2456 sententiam
976 2399 1079 2473 ntem,
1118 2417 1206 2472 quam

48 2522 55 2533 ·
117 2508 205 2560 ‘creat
219 2499 390 2572 Erfurdtius‚
413 2498 566 2559 absurdam
584 2519 649 2558 esse
669 2518 763 2573 neque
783 2520 799 2557 a
821 2496 964 2574 Sophocle
979 2501 1106 2574 potuisse
1120 2518 1206 2559 tuuc-

126 2604 200 2676 pa'ri.
244 2599 305 2660 Sed
326 2603 474 2676 suspicor,
496 2599 566 2676 quid
586 2601 642 2659 sibi
662 2601 826 2677 volueriut,
848 2603 897 2675 qui
919 2599 1018 2661 δακεῖν
1031 2603 1206 2676 ακρΙιάανα·

127 2712 194 2762 runt
217 2717 346 2778 pectore:
378 2704 548 2778 uoluerunt,
578 2705 610 2761 ni
637 2703 742 2776 fallor,
774 2725 791 2762 a
823 2706 907 2778 potita
935 2703 1009 2777 dici,
1040 2702 1114 2762 hene
1139 2723 1206 2762 esse

129 2788 241 2865 omnem
262 2804 409 2865 hominum
429 2805 648 2880 beatitudiuem,
680 2804 758 2879 quod
784 2805 934 2866 rideantur
953 2807 1008 2866 sibi
1029 2806 1106 2865 beati
1126 2824 1205 2880 esse,

127 2929 271 2983 qummue
291 2909 347 2968 uisi
365 2911 434 2984 sint,
454 2909 592 2990 infelices
611 2928 643 2966 se
662 2928 724 2966 esse
736 2906 924 2986 natenigon13
942 2928 1118 2984 quamquam
1133 2904 1207 2966 hese

127 3012 265 3070 sententia
296 3021 325 3070 et
352 3031 368 3069 a
390 3014 492 3086 poe'tae
509 3013 605 3070 verbis
626 3020 655 3070 et
675 3010 711 3068 ab
731 3011 850 3068 illorum
870 3011 1101 3084 interpretatione
1120 3010 1206 3083 peni·

127 3122 174 3172 tus
195 3112 337 3172 abhorret.
361 3147 400 3160 -
431 3111 490 3172 Sed
518 3132 658 3190 ponamus
684 3113 757 3172 adeo
777 3109 950 3198 Sophoclem
971 3133 1023 3187 pro
1045 3106 1207 3170 ducellum

129 3204 186 3274 tole
223 3214 295 3290 quid
328 3200 460 3290 posuisse
492 3209 721 3294 ὃυςτυχήσαντα
749 3200 889 3291 pontiam,
921 3215 975 3273 etsi
1003 3212 1090 3272 huius
1118 3215 1207 3272 totius

128 3317 373 3393 apophthegmatis
394 3319 491 3377 vilitas
511 3316 587 3376 haud
609 3326 685 3377 esset
700 3318 816 3394 ingenio
835 3319 937 3391 potitae
956 3316 1058 3392 digna:
1079 3311 1208 3374 Ghorum

127 3422 158 3478 in
188 3431 301 3495 promtu
330 3428 374 3479 est
396 3417 451 3477 hoc
466 3420 542 3478 eloco
570 3441 627 3480 non
656 3420 693 3479 de
720 3420 807 3478 certis
836 3419 966 3493 personis
985 3418 1209 3492 temporibusve,

129 3521 191 3594 sed,
213 3522 281 3580 licet
297 3519 428 3596 Oedipus
448 3523 511 3580 eins
528 3523 693 3598 argumenti
713 3540 810 3580 nomm
831 3521 1019 3597 praebuisset,
1040 3520 1076 3592 dp
1094 3540 1127 3579 re
1141 3521 1209 3578 uui·

130 3643 213 3682 verse
231 3624 321 3696 loqui.
374 3622 462 3702 Quod
491 3626 518 3683 si
546 3626 611 3699 quis
629 3625 763 3685 coniveres
784 3622 821 3682 de
841 3642 946 3698 genere
967 3620 1090 3680 hmnauo
1111 3622 1208 3696 loqui·

128 3735 194 3801 tur,
215 3745 333 3785 necesse
354 3736 417 3801 est,
439 3747 512 3801 quae
533 3728 676 3801 loquatur,
699 3727 807 3784 cunctis
828 3726 916 3784 simul
935 3723 1097 3782 hominibus
1115 3743 1208 3817 aege

129 3827 201 3887 bene
223 3829 398 3887 conveniant.
451 3826 513 3887 lam
533 3848 604 3889 uere
624 3826 804 3891 Erfurdtium
825 3830 851 3888 si
873 3829 1021 3903 sequimur
1043 3823 1141 3885 δοκεῖν
1162 3827 1208 3884 in·

129 3941 331 4004 terpretantem
353 3928 410 3990 sibi
429 3929 543 4005 uideri,
575 3931 734 4006 sententia,
766 3951 839 4006 (puae
860 3929 914 3990 hec
935 3951 967 3989 re
988 3930 1132 4006 gignitum,
1152 3929 1209 3986 mi·

129 4034 206 4090 nime
228 4034 335 4091 cunctis
355 4031 537 4108 hominibus,
569 4032 623 4093 sed
643 4033 680 4092 ad
699 4053 842 4093 summum
864 4031 977 4108 Oedipo
999 4032 1208 4108 aliqusumlum

129 4137 277 4211 congruit,
300 4135 372 4208 quai,-
393 4136 538 4194 'exstincta
560 4133 688 4212 Sphinge
708 4158 762 4197 rex
781 4135 981 4196 Thebanorum
1002 4135 1113 4210 seems,
1142 4133 1209 4194 leli·

129 4257 192 4294 cem
213 4257 245 4298 se
265 4248 384 4315 putans,
405 4257 522 4316 revere,
548 4239 575 4302 si
595 4258 658 4300 rem
677 4259 783 4317 urges,
812 4239 953 4318 parricida
973 4240 1080 4316 quaippe
1100 4245 1131 4297 et
1147 4256 1209 4297 ms·
