2678 4816
166 343 230 411 ιον
428 436 433 445 Ι
566 336 789 427 carun
831 337 907 403 vu.

166 543 271 602 exstat.
323 529 473 609 Exemplis
493 527 693 610 Thucydidis,
720 550 794 606 quae
823 526 905 589 affert
934 523 1135 611 Hermsunus,
1165 523 1242 587 nilril

167 639 356 698 convinciunt
382 656 448 694 uam
468 655 562 711 neque
582 636 709 715 θεωρεῖν
730 634 770 692 ibi
792 642 837 692 est
856 624 996 712 θεωροὺς
1017 627 1141 709 πέμπειν
1164 629 1240 702 [υἱοί.

166 736 327 801 Excursum
339 736 399 816 111,
420 759 531 815 neque,
560 738 701 812 siesset,
730 732 797 796 inde
818 744 985 810 sequeretur
1004 722 1131 812 Ιθεωρεῖν
1152 724 1241 809 ὄμμα

167 862 233 903 esse
253 840 366 902 corolum
386 839 624 915 mnteraplutiona
643 836 796 898 oblectare.
838 834 954 897 Deinde
973 837 1093 913 genitivi
1113 831 1243 914 νεφελας

169 954 200 1004 et
218 937 343 1022 ἀγώνων
364 963 420 1002 nou
436 944 516 1018 prior
536 943 632 1000 locvun
652 939 805 1021 significat,
826 961 843 997 a
863 960 918 1013 (pro
940 937 1009 1013 quid
1029 937 1093 1014 fiat,
1112 938 1185 998 alter
1198 937 1244 998 el·

168 1047 268 1122 liptice
288 1046 397 1120 positus
418 1055 477 1104 est:
506 1064 579 1120 quae
607 1064 663 1102 σου
684 1043 779 1103 miuus
800 1051 936 1100 enatura
957 1042 1022 1117 rei,
1052 1061 1138 1116 quam
1158 1060 1176 1100 a
1195 1040 1246 1101 lo·

171 1147 276 1226 mendi
298 1146 500 1206 consuetudine
521 1143 688 1205 abhorrent:
714 1144 766 1204 sed
788 1145 870 1204 ambo
890 1145 974 1203 runica
994 1153 1023 1203 et
1042 1144 1176 1219 proxime
1195 1164 1246 1203 re·

172 1260 277 1328 guntur
297 1271 314 1308 a
334 1248 421 1308 verbo
442 1254 552 1328 κυρεῖν.
601 1246 735 1324 Denique
765 1269 822 1306 uun
848 1256 942 1324 potest
969 1267 1008 1305 ex
1035 1245 1136 1307 eodern
1155 1246 1247 1307 veeltc

173 1356 273 1432 κυρεῖν
292 1352 471 1410 transitivum
492 1350 609 1426 aliquod
629 1351 767 1428 verbum,
796 1360 828 1409 nt
847 1345 977 1428 μέτοχον
998 1353 1093 1409 ποιεῖν
1113 1347 1151 1408 ad
1171 1343 1248 1409 τοῦ-

173 1448 234 1534 μὸν
261 1445 345 1532 ἶν’μμα
376 1454 527 1557 suppleri:
555 1452 630 1528 qarod
652 1474 744 1528 neque
766 1474 840 1531 nerag·
841 1473 884 1512 ma
913 1462 957 1513 eat
981 1473 1074 1528 neque
1105 1448 1249 1574 Graccum

174 1575 268 1632 neque
289 1557 403 1616 omnino
425 1520 581 1632 eiusmodi,
611 1566 644 1615 ut
671 1555 737 1615 fieri
762 1567 858 1631 queat.
911 1554 991 1638 Quid
1016 1555 1250 1631 pluralem»

125 1721 129 1729 ,
173 1661 230 1723 ista
248 1656 375 1719 remedia
396 1660 564 1734 quaesitiore
586 1668 652 1716 suut
673 1668 703 1716 et
731 1656 944 1734 artificiosiora,
975 1679 1060 1733 quam
1089 1679 1164 1734 quma
1191 1680 1251 1719 non

173 1782 245 1857 prae
273 1782 305 1820 se
331 1760 425 1819 ferant
451 1761 614 1819 inanitatem
643 1779 723 1819 suam
751 1770 782 1818 et
802 1781 876 1835 qnae
897 1782 954 1820 non
973 1760 1068 1821 locum
1088 1764 1175 1821 etiam
1194 1763 1251 1821 im·

174 1863 344 1946 peditiorem
364 1857 501 1938 reddant,
530 1882 614 1936 quam
635 1872 735 1936 sponte
757 1881 790 1921 ac
809 1883 862 1937 per
887 1883 920 1923 se
937 1874 992 1923 est.
1045 1861 1144 1950 Quin,
1175 1862 1253 1925 laune

178 1967 210 2026 ln
230 1963 390 2024 modum
365 1985 391 2024 ar
412 1960 598 2039 explicandus
619 1965 700 2031 locus
721 1974 815 2040 esset,
844 1975 904 2024 tum
932 1965 1046 2024 demum
1077 1968 1179 2025 iustam
1202 1986 1255 2025 au·

179 2069 336 2145 tuicionem
355 2074 495 2125 moveret.
545 2062 602 2124 Illa
631 2077 725 2125 autem
751 2067 778 2126 si
806 2077 882 2126 certa
912 2079 995 2144 sarrit,
1022 2066 1095 2129 haec
1116 2069 1174 2127 duo
1194 2068 1255 2127 alia

179 2169 356 2244 efficirmtur,
387 2170 485 2244 prius,
518 2161 663 2248 κύρσανμι
683 2189 757 2244 non,
785 2180 817 2228 nt
844 2161 981 2248 τύχωμι,
1012 2167 1076 2230 cum
1104 2171 1257 2245 participio

180 2265 366 2352 θεωρήσασα
388 2290 453 2330 esse
473 2272 619 2344 iunctum,
641 2271 780 2345 alterum,
807 2265 921 2348 τούμὸν
950 2266 1035 2350 ὄμμα
1063 2295 1121 2333 non
1142 2293 1259 2333 accusa·

181 2379 290 2451 tivum,
331 2371 382 2432 sed
410 2374 614 2431 nominativum
645 2393 720 2433 esse.
780 2371 957 2455 Quaeritur,
992 2397 1049 2450 quo
1076 2387 1158 2451 pacto
1185 2373 1261 2435 lraec

183 2479 278 2538 omnia
298 2478 338 2535 ita
357 2478 525 2550 iungantur,
554 2486 586 2533 ut
614 2486 698 2551 aptus
727 2485 811 2551 atque
832 2479 985 2537 coucirmus
1005 2499 1108 2537 sensus
1126 2477 1259 2553 prodeat.

183 2578 276 2656 Finge
297 2579 348 2637 tibi
369 2578 518 2652 scripsisse
538 2573 725 2652 Sophoclem:
748 2571 811 2637 εἷθ’
829 2572 954 2638 detnato
969 2572 1184 2662 ταχύρῥωστος
1203 2599 1260 2641 σε·

186 2675 270 2752 inde
299 2676 439 2759 αἰθερίας
461 2676 588 2760 νεφέλας
620 2674 721 2739 αὐτῶν
745 2673 777 2740 τ’
800 2674 925 2761 ἀγώνων
952 2674 1116 2760 seipsoque
1146 2686 1263 2743 antrum

184 2783 298 2860 rupida
324 2781 479 2842 celerinolu
507 2780 641 2842 columba
666 2779 829 2843 aethereum
848 2783 952 2844 nudem
973 2800 1060 2865 utque
1079 2788 1175 2861 ipsust
1197 2807 1263 2846 cer·

186 2900 283 2946 ἑαυτου
303 2905 453 2963 assequar.
497 2883 581 2964 Quane
603 2896 647 2944 est
669 2907 787 2962 prorsus
801 2889 866 2946 talis
879 2890 1027 2964 sententie,
1049 2889 1164 2963 quralcm
1180 2897 1266 2962 opta-

186 3009 270 3064 mus,
299 2997 328 3046 et
357 2986 436 3061 quali
466 2981 639 3063 Sophoclem
670 2987 725 3048 lroe
749 2990 813 3049 loco
844 3011 928 3049 rrsrnu
957 2991 1048 3053 favisse
1069 3011 1185 3050 necesse
1204 2999 1263 3049 est.

186 3087 282 3166 Atqui
304 3091 435 3164 primum
464 3089 584 3149 diversis
610 3091 703 3151 anodia
723 3090 868 3152 dicebatur
888 3097 988 3170 κυρεῖν
1010 3088 1138 3171 νεφέλας
1159 3103 1188 3151 et
1209 3113 1265 3151 κυ·

189 3197 251 3273 ρεΐν
272 3183 408 3270 ἀγώνιον.
451 3189 536 3251 Prius
557 3195 672 3270 proprie
693 3193 849 3271 dicebatur,
871 3195 992 3253 alterum
1014 3197 1108 3254 minus
1127 3196 1261 3270 proprie:

189 3315 255 3355 nam
280 3292 384 3354 nubem
408 3293 537 3352 columba
559 3296 622 3370 ipsa
649 3298 826 3371 assequitur,
848 3318 1001 3373 pugnum,
1033 3318 1050 3357 e
1071 3298 1147 3357 nube
1167 3299 1268 3371 inspe-

190 3407 288 3472 ctans,
316 3398 429 3455 nonnisi
455 3397 559 3471 oculis,
608 3396 710 3473 Itaque
739 3401 823 3474 polita
853 3398 1012 3459 evidentiae
1038 3419 1124 3458 carisa
1151 3398 1268 3474 adiecit,

191 3520 248 3576 qno
276 3499 418 3575 posterior
443 3498 551 3557 locutio
578 3519 595 3558 a
619 3501 715 3575 priore
743 3500 938 3576 discrepabat,
968 3494 1167 3581 θεωρήσασα.
1211 3497 1268 3559 Est

192 3610 287 3660 autern
308 3593 511 3680 θεωρήσαντα
535 3603 644 3680 κῦρσαι
665 3603 770 3678 plane,
801 3601 877 3679 quod
894 3602 994 3662 Latini
1016 3604 1112 3663 dicunt
1132 3605 1197 3661 aisn
1216 3603 1267 3663 vel
1302 3634 1313 3647 -

191 3705 256 3763 etsie
276 3708 410 3784 assequi,
437 3703 620 3781 prehendere
641 3707 661 3766 i.
684 3728 711 3766 e.
732 3708 850 3766 intueri.
904 3705 1051 3767 Habemus
1072 3707 1178 3782 igitur:
1207 3709 1270 3763 ote*-

191 3830 261 3869 mrm
286 3806 418 3867 colundo
443 3806 548 3868 audeas
575 3831 716 3890 tuaequae·
744 3823 831 3889 (νήια
850 3812 946 3885 ipsum
973 3822 1118 3869 cmurnea
1137 3813 1270 3869 intueor.

194 3908 314 3971 Deinde
343 3912 368 3970 si
397 3912 535 3970 tenuisset
563 3908 723 3987 Sophocles
751 3905 852 3971 αὐτῶν
879 3906 911 3972 τ’
942 3905 1084 3989 ἀγώνιον,
1113 3910 1270 3970 indicasset

195 4014 297 4074 eodem
315 4012 399 4072 modo
421 4023 451 4072 et
470 4014 574 4071 arabem
595 4023 625 4071 et
639 4024 781 4073 certarnen
793 4016 907 4089 assequi
920 4014 995 4073 velle
1011 4010 1148 4073 Ghormn.
1181 4010 1271 4090 Quod

157 4195 159 4198 y
195 4115 261 4175 fieri
281 4098 396 4191 nequit3
425 4114 477 4174 sed
505 4117 610 4174 trithem
637 4136 705 4176 vere
733 4117 794 4176 vult
824 4119 955 4192 assequi,
988 4126 1128 4175 certamen
1156 4115 1273 4173 uouuisi'

196 4219 299 4280 oculis.
352 4205 453 4301 ltaque
469 4220 609 4294 vadhibuit
637 4221 691 4279 ille
718 4240 772 4296 pro
790 4219 911 4296 copula,
941 4239 1005 4297 qua
1018 4217 1147 4277 diversos
1167 4215 1272 4276 modos
