2678 4816
569 364 795 430 CAPUT·
829 365 885 430 111.

676 608 703 683 s.
720 613 770 666 ιο.

278 760 320 820 V.
336 767 395 820 711
414 781 458 835 sq.
490 756 592 818 Sermo
614 769 658 819 est
679 760 715 818 de
735 758 862 818 Teucro:

668 854 722 921 εἶτ’
747 857 888 921 ὀνείδεσιν

373 958 510 1044 ἤρασσον
529 957 617 1023 ὔαθεν
636 957 742 1023 κῦτθεν
762 957 843 1034 οὔτις
862 957 934 1022 ἴσθ’
953 954 987 1034 ὃς
1006 955 1043 1022 οὔ
1062 999 1101 1008 -

194 1063 328 1144 Quinque
355 1066 457 1141 codd,
489 1067 561 1123 sicut
588 1066 657 1124 edit.
686 1065 776 1125 Turn.
806 1063 889 1124 Cant.
919 1062 1020 1140 Steph.
1052 1056 1171 1142 κοῦτις,
1205 1075 1267 1125 tres

194 1167 274 1227 codd.
297 1167 347 1225 καὶ
367 1161 458 1238 οὔτις.
511 1166 576 1226 Νοιι
597 1167 729 1240 dubium,
757 1170 825 1242 quin
846 1166 1011 1225 Erfurdtius
1033 1178 1062 1226 et
1082 1166 1267 1226 Hermanous

193 1279 272 1327 recte
299 1290 363 1327 cum
389 1267 496 1328 Aldina
525 1271 688 1344 scripserint
719 1264 820 1346 οὔτις,
851 1279 936 1344 atque
964 1261 1066 1338 κοῦτις
1095 1271 1130 1326 ab
1156 1270 1267 1346 ignaris

194 1370 320 1429 librariis
347 1372 505 1445 profectum
535 1373 582 1430 sit.
632 1368 794 1446 Usurpatur
823 1373 898 1431 enirn
925 1371 1000 1429 illud
1030 1364 1112 1442 οὔτις
1132 1363 1203 1430 ἴσθ’
1231 1363 1268 1442 ὃς

195 1463 232 1530 οὔ
253 1493 269 1530 a
288 1470 405 1531 Graecis
419 1486 561 1546 tamquam
577 1493 666 1530 unum
680 1473 860 1549 adiectivnm,
881 1471 1045 1548 significans
1060 1473 1122 1531 fere
1137 1482 1267 1531 nostrum

194 1572 253 1632 ullo
271 1570 344 1633 οΙιιιτ
360 1571 550 1649 Ascordum,
572 1575 610 1632 ita
630 1583 661 1632 ut
679 1575 778 1648 copula
799 1576 971 1650 agglutinari
985 1576 1071 1649 plane
1088 1595 1146 1633 non
1162 1576 1267 1649 possit.

195 1673 306 1734 Eadem
335 1677 371 1736 de
400 1697 485 1735 causa
506 1676 579 1734 salso
602 1676 678 1750 apud
704 1674 881 1734 Erfurdtinm
902 1678 1110 1751 interpunctum
1134 1685 1268 1736 estante

196 1769 289 1848 οὔτις.
331 1776 370 1835 Et
391 1778 504 1853 quidem
524 1797 593 1834 usrrs
615 1778 729 1835 tulitin
750 1777 803 1836 hac
822 1778 983 1853 locutione,
1012 1787 1044 1836 ut
1064 1779 1182 1837 verbum
1203 1774 1267 1837 ἐστὶ

194 1880 242 1939 vel
262 1867 300 1957 ἦν
327 1881 495 1954 plenumque
525 1882 717 1955 omitteretur3
752 1881 807 1938 etsi
835 1899 888 1938 nec
913 1879 1014 1938 desunt
1042 1878 1116 1954 loci,
1142 1880 1192 1938 ulti
1212 1881 1268 1939 illa

197 1982 326 2040 omnibus
347 1984 407 2040 suis
433 1983 562 2055 partibus
588 1981 701 2055 expleta
728 1991 787 2057 est,
808 1991 841 2039 ut
864 1979 944 2040 Xen.
970 1979 1039 2060 Gyr.
1055 1979 1135 2057 Vll,
1158 1985 1194 2058 5,
1213 1987 1266 2058 61,

197 2077 296 2152 οὐδεὶς
317 2077 375 2163 γὰρ
392 2069 448 2161 ἦν,
472 2075 551 2154 ὅςτις
571 2078 625 2141 οὔκ
649 2075 687 2140 ἂν
707 2076 870 2152 ἀξιώσειεν.
911 2081 979 2141 Fuit
996 2085 1072 2141 enim
1089 2085 1198 2160 origine
1213 2103 1269 2143 sua

197 2188 239 2246 sic
257 2197 433 2261 comparata;
456 2185 508 2246 sed
530 2206 586 2243 usu
606 2186 743 2259 paulatim
757 2187 794 2242 ita
813 2187 970 2258 concrevit,
992 2196 1024 2244 ut
1043 2207 1101 2244 urm
1119 2208 1172 2262 pro
1190 2185 1268 2244 adie-

198 2289 272 2345 ctivo
291 2298 499 2363 agnosceretur.
543 2285 652 2346 Similis
668 2289 740 2346 ratio
756 2297 800 2346 est
823 2288 997 2346 locutionum
1017 2281 1098 2348 ὔστιιι
1115 2278 1160 2363 οἳ,
1183 2290 1270 2348 θαα-

196 2382 301 2464 μαστιὶ
323 2383 397 2464 ὅσα,
427 2411 512 2465 porro
533 2388 649 2448 ltorum:
681 2387 871 2464 θαυμαστῶς
896 2381 954 2463 ὡς,
987 2383 1068 2450 ἔστιν
1087 2387 1158 2468 ἵνα,
1185 2386 1268 2454 ἔστιν

199 2483 292 2566 ὅπου,
315 2486 394 2551 ὔστιι
417 2487 511 2566 ἔνθα,
532 2484 611 2550 ὔστιν
633 2477 670 2571 ᾗ,
702 2485 782 2550 ἔστιν
808 2483 856 2549 ὅτε
862 2532 874 2563 ,
905 2491 1082 2567 aliorumque
1101 2494 1268 2573 multorum,

199 2615 272 2668 quae
297 2573 391 2653 omnia
417 2595 530 2668 propria
551 2603 680 2666 separato
698 2592 832 2666 paulatim
851 2592 974 2650 formam
992 2596 1096 2668 partim
1115 2597 1269 2658 adiectivo·

197 2717 261 2755 rum
288 2699 392 2771 partim
410 2696 608 2754 adverbiorum
640 2694 800 2753 induerimt.
844 2691 947 2753 Variat
970 2706 1064 2755 autam
1081 2700 1136 2757 ista
1160 2701 1269 2760 locutio

199 2790 282 2867 οὔτις
300 2793 374 2857 ἴσθ’
401 2791 435 2869 ὃς
457 2790 494 2855 οὔ
514 2798 588 2854 inter
606 2790 705 2867 οὐδεὶς
728 2790 762 2862 ὃς
785 2788 836 2870 οὔ,
860 2791 957 2867 οὐδεὶς
975 2791 1055 2870 ὅςτις
1075 2794 1110 2860 οὔ
1134 2811 1165 2860 at
1185 2794 1268 2874 οὔτις

199 2892 234 2970 ὃς
249 2892 294 2958 οὔ.
345 2898 379 2959 In
398 2899 495 2959 Nostri
517 2897 594 2958 Oed.
616 2897 654 2959 Τ.
672 2906 753 2975 373,
776 2893 813 2958 οὔ
836 2892 869 2956 d'
893 2891 1005 2970 ἄθλιός
1023 2922 1055 2979 γε
1075 2898 1166 2962 ταῦτ’
1189 2898 1268 2964 ὀνει-

201 2997 306 3075 δίζων,
339 2994 359 3059 ‹i'
382 3022 429 3062 σοι
453 2996 584 3071 οὐδεὶς
615 2994 655 3073 ὃς
677 2997 742 3079 οὐχὶ
769 2994 862 3060 τῶνδ’
885 2995 1006 3060 ὀνειδιεῖ
1023 2994 1117 3080 τάχα,
1139 3005 1183 3063 cf..
1198 3003 1268 3065 Bla-

199 3113 258 3163 ton.
279 3101 398 3179 Atel,
425 3126 454 3178 p.
475 3109 555 3177 103,
574 3102 613 3164 B.
657 3102 762 3163 Contra
788 3100 897 3162 Herod.
912 3099 961 3178 V,
984 3109 1044 3177 97,
1073 3103 1124 3163 καὶ
1154 3100 1268 3167 οὐδὲν

201 3198 275 3266 ὅτι
306 3201 361 3266 οὔκ
387 3198 545 3283 ὖτιίσχετος
577 3206 612 3265 cf.
643 3204 717 3263 Plat.
736 3202 815 3263 Prot.
836 3226 866 3278 p.
885 3211 947 3264 317
954 3247 966 3276 ‚
989 3202 1023 3263 C.
1073 3205 1185 3268 Rursus
1213 3207 1270 3269 hoc

201 3319 298 3367 nostro
319 3310 384 3368 loco
406 3319 449 3368 est
470 3301 583 3378 οὔτις
604 3299 646 3378 ὃς
667 3301 720 3384 οὔ,·
741 3306 778 3365 cf.
800 3303 910 3365 Aesch.
932 3304 1053 3366 Erunen.
1073 3315 1146 3386 736,
1165 3303 1268 3392 μήτηρ

203 3405 261 3490 γὰρ
279 3403 389 3480 οὔτις
410 3408 489 3469 ἐστὶν
509 3403 529 3488 ἢ
551 3403 587 3486 μ’
611 3405 752 3488 ἐγείνατο.
794 3405 986 3484 Exemplmn,
1008 3411 1056 3467 uhi
1078 3412 1162 3469 etiam
1184 3406 1269 3484 οὔτις

201 3504 281 3584 ὅςτις
304 3505 339 3572 οὔ
361 3513 480 3587 dicatur,
501 3514 532 3570 in
546 3511 687 3586 praesenti
706 3509 823 3584 qtridem
832 3531 889 3567 non
902 3521 945 3570 est
961 3513 990 3569 in
1006 3522 1137 3587 promtu3
1159 3512 1211 3571 sed
1230 3534 1268 3573 ex

198 3613 246 3673 his
267 3616 431 3690 simillimis,
454 3605 567 3684 οὔτις
584 3610 663 3672 ἐστὶν
680 3604 786 3682 ὅςτις
806 3605 993 3693 ἐξαιρήσεται
1008 3611 1078 3672 Eur.
1095 3610 1176 3674 Med.
1193 3621 1269 3693 798,
1319 3630 1328 3649 ·

202 3727 249 3793 et,
280 3703 360 3785 ὔτιαῦ
381 3737 459 3790 τις,
481 3707 591 3787 ὅςτις
610 3719 731 3795 γνωριεῖ
746 3708 785 3790 μ’
809 3706 884 3774 ἴδιόν
904 3716 945 3777 ib.
967 3712 1073 3775 Electr.
1090 3722 1151 3777 630
1164 3719 1195 3790 *)
1217 3739 1269 3794 ap·

200 3875 400 3888 *nnn—u·-

234 3985 260 4051 *)
278 3985 336 4034 Alia
354 3987 434 4034 attulit
449 3987 536 4035 Elnnl.
550 3989 582 4035 ad
598 3987 659 4038 Eur.
678 3984 816 4036 Momm.
833 3986 877 4036 fin.
912 3987 951 4034 cf.
971 3985 1045 4034 etiam
1061 3987 1140 4036 Thuc.
1156 3988 1205 4051 111,
1223 3989 1267 4052 39,

270 4071 353 4120 τίνα
370 4071 461 4120 οἴεσθε
480 4063 609 4121 ὅντινα
627 4066 659 4123 οὐ
672 4072 784 4138 βραχείᾳ
799 4062 939 4142 προφάσει
955 4064 1163 4134 ἀποστήσεσθαι.
1198 4072 1267 4123 ibid.

269 4173 292 4207 c.
310 4156 360 4218 46,
378 4153 532 4213 tertrardi
557 4156 639 4208 τίνα
656 4158 748 4210 οἴεσθε
771 4151 901 4223 ἥντινα
919 4151 969 4210 οὐκ
984 4146 1099 4223 ducator
1111 4148 1199 4226 μὲνῆ
1216 4155 1268 4208 νῦν

268 4235 530 4314 παρασκευάσασθαι
548 4271 598 4296 -.
