2678 4816
597 381 821 448 canor
863 380 906 448 v.
1083 418 1137 483 54

441 573 498 640 έτω
519 569 635 658 κλαγγὰ
655 572 709 637 τὸν
728 569 920 660 εὐφαρέτραν

434 675 614 744 Ἀπόλλωνα
634 672 821 758 προστάταν,

443 775 522 860 ὁμοῦ
546 777 579 842 δὲ
601 781 734 856 παιᾶνα,
758 781 874 841 παιᾶνα

443 877 581 964 ἀνάγετ’,
605 869 629 944 ὦ
652 879 811 963 παρθένοι,

440 987 535 1064 βοᾶτε
558 981 611 1046 τὸν
634 977 809 1069 ὁμόσπορον
832 986 835 991 ’

437 1083 645 1170 Ἄρτεμιν-
669 1123 707 1135 -

204 1192 254 1256 Sic
274 1192 533 1268 interpungendum
555 1203 616 1253 eat:
648 1191 782 1252 videntur
802 1190 874 1252 baec
894 1193 972 1252 enim
991 1211 1048 1250 non
1067 1201 1146 1252 recte
1167 1193 1203 1252 ab
1224 1193 1288 1254 edi·

203 1299 315 1358 toribus
335 1295 482 1354 intellecta
504 1304 533 1354 et
556 1295 688 1354 dictincta
710 1316 785 1354 esse.
830 1293 971 1355 Universa
992 1292 1131 1355 sententia
1146 1306 1206 1355 est:
1229 1319 1288 1356 ex·

160 1460 169 1476 ,
203 1401 310 1461 saltate
332 1396 411 1457 domi
431 1419 490 1470 voe,
514 1400 645 1477 quisquis
664 1396 775 1456 nubilis
795 1412 857 1458 cst:
880 1412 907 1457 et
925 1395 1041 1478 quidem
1054 1400 1171 1456 οἰιοοιιοο
1186 1397 1288 1474 Apol-

203 1505 308 1577 linem,
337 1504 467 1577 uirgines
487 1498 623 1559 Dianam
651 1498 882 1560 σοαοοῖοόναατο.
928 1493 1144 1570 Ἅνολολάξατε
1173 1493 1289 1578 ὁμολ-

206 1599 365 1685 λόνομφος
391 1604 550 1679 generatim
577 1602 698 1663 dicitur:
729 1604 965 1677 exadvocatos,
997 1600 1193 1662 odolescentia
1213 1605 1235 1663 i.
1258 1625 1287 1664 e.

205 1719 235 1769 et
263 1710 382 1767 invenes
409 1715 440 1767 et
467 1706 614 1780 virgines,
645 1726 702 1763 raon
733 1706 813 1766 solae
839 1707 984 1782 virgines,
1014 1715 1047 1764 ut
1067 1705 1170 1767 Herm.
1194 1716 1288 1782 putat.

206 1810 307 1890 Quare
329 1808 470 1869 editiones
491 1817 613 1882 veteres,
637 1809 724 1866 etiam
740 1806 912 1867 Tricliniana
926 1810 1057 1883 recensio
1078 1819 1155 1869 recte
1175 1810 1289 1884 plenius

206 1915 410 1988 interpungunt
429 1919 495 1986 post
515 1895 740 1992 γιελλόνομιγος.
792 1908 852 1969 Sed
880 1898 1067 1989 accuratidq‘
1113 1911 1290 1971 ddefinitur

206 2016 409 2091 sequentibus,
440 2013 508 2086 nbi,
542 2014 616 2071 sicut
636 2013 680 2073 fas
701 2021 763 2090 est,
796 2013 947 2072 iuvenibus
967 2011 1097 2091 Apolo',
1129 2015 1290 2092 virginibus

205 2115 301 2177 Diana
322 2114 491 2176 celebranda
512 2116 656 2174 tribuitur.
709 2113 903 2191 Opponuntur
931 2117 1021 2192 igitur
1047 2112 1182 2197 ἀρσένων
1210 2103 1290 2176 οτῶ

207 2215 373 2300 παρθένοι,
397 2211 574 2277 Ἀπόλλωνα
603 2227 633 2277 et
656 2209 808 2297 Ἄρτεμιν.
858 2216 1012 2278 Praeterea
1033 2219 1228 2295 iungendam,
1257 2218 1290 2278 id

207 2322 285 2398 quod
306 2323 392 2380 etiam
405 2319 590 2381 Hermannus
610 2320 728 2394 probat:
753 2314 889 2401 ἀρσένων
905 2314 962 2380 ἴτω
977 2316 1093 2400 κλαγγὰ
1109 2315 1161 2380 τὸν
1175 2313 1290 2383 Ἀπόλ-

205 2413 301 2483 λωνα.
344 2420 427 2481 Fecit
448 2427 535 2497 poe‘ta
558 2425 795 2482 constructionem
814 2443 852 2482 ex
880 2425 936 2497 iis,
971 2443 1044 2498 quase
1073 2424 1224 2500 cogitavit,
1256 2432 1291 2482 nt

205 2525 240 2585 fit
262 2526 432 2584 creberrime
454 2523 530 2600 apud
553 2523 690 2584 Graecos.
746 2522 890 2602 Cogitavit
917 2533 1013 2584 autem
1034 2525 1091 2585 talc
1112 2526 1199 2601 φιλλ,
1229 2518 1291 2607 άρ-

208 2644 291 2699 σενες
320 2619 491 2701 κλαζόντων
520 2647 573 2687 scu
601 2618 779 2703 ὑμνούντων
800 2627 922 2702 ideoque
943 2626 1075 2686 adiunxit
1096 2629 1291 2688 accusativum

206 2724 260 2790 τὸν
289 2723 476 2789 Ἀπόλλωνα.
527 2728 592 2790 Hac
621 2732 733 2789 ratione
762 2729 866 2789 dicitur
896 2726 1078 2809 δοροφορεῖν
1107 2751 1193 2806 τινα,
1221 2728 1294 2807 qnid

209 2832 386 2908 cogitabatur
415 2823 600 2912 φυλάσσειν,
639 2825 808 2892 τύπτεσθαι
835 2831 883 2891 vel
909 2823 1080 2892 κόπτεσθαί
1105 2853 1191 2909 τινα,
1223 2835 1291 2909 quia

209 2935 385 3010 cogitabatur
409 2931 577 3016 οἷκτείρειν,
608 2944 637 2994 et
656 2935 797 3011 permulta
823 2934 891 2994 alia.
942 2932 1077 3010 Denique
1105 2944 1182 2995 recte
1210 2933 1291 2995 Her·

206 3057 327 3096 maranus
362 3047 391 3096 et
420 3034 570 3096 Seidlerus
607 3040 795 3115 conirmgunt:
835 3037 951 3096 παιᾶνα
982 3029 1106 3116 ἀνάγετ’
1135 3030 1290 3119 Ἄρτεμιν.

159 3175 170 3188 ·
209 3137 327 3198 Scilicet
344 3136 400 3198 bae
420 3138 495 3199 duae
517 3143 673 3200 sententiae
696 3140 829 3199 confusae
850 3149 933 3199 aunt:
962 3139 1079 3198 παιᾶνα
1100 3133 1223 3219 ἀνάγετε
1242 3141 1292 3200 vel

207 3241 302 3319 βοᾶτε
317 3234 512 3322 Ἀρτέμιδος,
533 3252 578 3320 et,
600 3243 704 3302 παιᾶνι
727 3234 849 3322 ἀνάγετε
865 3236 1015 3323 Ἄρτεμιν.
1063 3240 1214 3302 Praeclare
1233 3239 1293 3302 buc

209 3343 331 3419 qrradrat
352 3344 481 3405 eiusdem
500 3347 613 3422 generis
635 3346 800 3421 exemplum
821 3365 859 3405 ex
873 3342 1021 3420 Euripidis
1035 3343 1123 3405 Herc.
1144 3346 1203 3405 fur.
1214 3347 1291 3422 675,

210 3446 328 3505 παιᾶνα
349 3438 484 3524 ὑμνοῦσι
512 3441 565 3508 τὸν
592 3447 725 3519 Λατοῦς
754 3440 855 3528 γόνον.
907 3444 979 3507 Vid.
1002 3445 1108 3509 Matth.
1138 3447 1186 3507 ad.
1215 3445 1291 3509 Eur·

208 3543 283 3611 Hac.
308 3555 381 3609 aaa.

294 3647 386 3711 Addo
415 3652 511 3711 statim
535 3671 651 3713 versum
676 3657 755 3728 237,
786 3652 836 3710 ubi
866 3650 1050 3712 Hermannns
1082 3673 1148 3716 cum
1179 3652 1292 3714 duobus

211 3752 314 3828 codd,
337 3753 405 3812 edit.
428 3751 504 3814 lunt.
519 3761 556 3830 2,
580 3751 672 3814 Turn.
696 3747 811 3895 Stffiphd
821 3753 907 3815 (iant.
930 3752 1063 3814 Eustath.
1091 3755 1128 3816 ad
1154 3753 1242 3821 Iliad.
1261 3775 1292 3834 ιι,

212 3875 242 3932 p.
258 3861 341 3934 789,
365 3862 405 3918 17
427 3861 521 3935 [702,
544 3860 598 3929 50]
620 3866 649 3917 et
670 3877 734 3917 curm
754 3855 903 3916 Erfurdtio
924 3857 1013 3935 legit:

811 3950 939 4040 ὁρίζεται

396 4055 524 4137 βωμοὺς
545 4053 638 4140 τέλη
660 4055 692 4122 τ’
716 4053 852 4142 ἔγκαρπα
873 4055 1001 4144 Κηναίῳ
1022 4057 1083 4120 Διΐ
1099 4093 1143 4108 -

212 4163 359 4237 explicans
382 4161 453 4241 τέλη
467 4185 531 4224 αισι
544 4163 772 4240 Harpocrationc
788 4156 968 4245 προςόδοας.
1012 4161 1072 4223 Sed
1087 4173 1132 4223 est
1147 4161 1218 4224 haec
1234 4173 1294 4223 tam

212 4285 277 4324 rara
299 4266 346 4328 vel
366 4266 465 4342 potins
483 4267 577 4328 aliena
597 4267 677 4328 verbi
698 4266 888 4344 significatio,x
900 4275 933 4328 ut
947 4267 1005 4329 uisi
1018 4267 1077 4328 alio
1094 4267 1191 4345 aligero
1203 4265 1295 4328 'modo
