2678 4816
525 1054 533 1090 l

312 1248 937 1365 nnunnnnto.¹

71 1670 207 1761 Acerba
232 1718 297 1764 sors
323 1697 544 1787 philologorum
573 1715 636 1786 est,
651 1725 791 1788 'qnorum
818 1701 910 1769 hodie
936 1716 1046 1790 magna
1064 1725 1135 1791 pars

70 1813 225 1880 hominum
251 1840 311 1881 uon
338 1819 434 1883 solum
466 1843 583 1886 omnem
604 1820 790 1908 disciplinam
811 1844 878 1887 cum
898 1821 1014 1908 graecis
1034 1844 1135 1887 roma-

10 1974 13 1989 ·
69 1932 178 2018 nisque
209 1933 304 2000 literis
338 1937 529 2022 condemnat,
561 1939 614 2005 sed
643 1964 682 2005 ne
712 1940 789 2005 hano
825 1939 946 2025 quidem
975 1939 1135 2025 glon'olam

10 2126 12 2143 ι
67 2055 206 2141 agnoscit
234 2055 337 2121 divina
363 2070 498 2122 veterum
525 2072 713 2123 monumenta
741 2059 782 2122 ad
801 2072 919 2163 uostpaa
940 2057 1047 2124 aetatis
1067 2059 1152 2122 fnu·'
1207 2078 1210 2083 ·

67 2188 149 2239 ctum
168 2199 315 2261 usumque
343 2175 595 2241 accommodandi.
645 2176 712 2243 Vix
741 2176 825 2242 enim
846 2199 940 2240 annus
968 2176 1133 2263 praeteriit,

66 2316 161 2379 quum
181 2293 215 2358 in
234 2297 377 2380 Hespero
397 2293 585 2380 ephemeride
602 2292 698 2377 multi,
719 2293 853 2380 inprimis
875 2294 1048 2378 eBavaria,
1070 2295 1134 2359 cla·

66 2413 208 2479 mitatem
227 2413 361 2478 homines
384 2412 520 2498 antiquas
539 2412 641 2478 literas
663 2437 681 2478 e
701 2413 810 2479 scholis
831 2413 1026 2502 expellendas
1047 2437 1132 2494 esse3
1207 2426 1209 2431 '

67 2554 147 2618 quaa
167 2520 246 2597 boue
265 2554 300 2596 ao
320 2531 512 2596 salutariam
531 2530 570 2595 iis
589 2530 698 2615 insint,
720 2554 757 2597 ea
777 2532 947 2598 versionum
967 2555 1024 2619 ope
1044 2501 1135 2597 facile

65 2649 182 2738 peroipi
200 2673 300 2737 posse.
343 2650 480 2734 Quodsi,
502 2649 553 2735 qui
573 2649 616 2715 ita
634 2651 762 2733 latrant,
788 2650 847 2737 ipsi
867 2650 1014 2738 philologi
1035 2663 1134 2717 essem

30 2806 37 2821 ι
67 2770 121 2834 vel
142 2768 329 2854 certe-gnari
348 2784 484 2836 veterum
504 2769 654 2835 literanum
676 2791 711 2833 ac
725 2768 827 2855 periti,
844 2768 951 2834 mhum
968 2783 1057 2851 esset,
1079 2767 1134 2833 sed

65 2900 167 2953 tamen
187 2910 315 2972 aequum
335 2903 445 2954 tantam
465 2913 529 2954 rem
550 2901 669 2972 umque
688 2887 831 2973 grandem
852 2888 891 2952 ab
907 2887 1017 2953 idoneo
1033 2885 1133 2952 iudice

66 3004 202 3070 iudicari.
235 3006 432 3072 =Incrcdihile
459 3021 507 3073 est
533 3021 632 3072 autem
661 3007 804 3071 clamores
824 3005 898 3072 istos
918 3007 957 3071 ah
977 3005 1016 3070 iis
1035 3004 1135 3071 maxi·

68 3147 148 3189 mam
171 3139 286 3211 partem
313 3125 481 3192 hominibus
507 3124 663 3212 dissipari,
694 3124 746 3210 qui
773 3126 984 3189 naturalium
1001 3121 1133 3211 profiteri

69 3267 103 3309 se
123 3244 231 3326 solent,
255 3244 367 3330 etqui,
389 3244 416 3309 si
437 3259 578 3327 tacerent,
600 3245 695 3310 semel
714 3243 786 3309 iusti
804 3258 916 3327 essent,
937 3242 1046 3308 deinde
1059 3263 1132 3328 pru·

69 3362 190 3430 dentosa
222 3361 318 3446 illud,
349 3361 477 3448 quiana
499 3365 607 3431 callent
635 3363 774 3449 quidem,
806 3360 877 3446 quid
899 3360 938 3426 sit
957 3358 1131 3448 philologia,

69 3481 141 3566 qnid
162 3504 301 3567 graecum
329 3482 530 3568 latinumque,
559 3483 633 3565 hoo,
662 3482 741 3567 quod
772 3497 796 3546 a¹
818 3481 936 3546 nemina
962 3477 1133 3561 audiuntur,

70 3600 123 3664 sed
142 3600 235 3664 risum
259 3601 394 3666 omuibus
415 3617 553 3667 movent:
575 3624 643 3666 nam
664 3601 695 3666 iu
716 3598 869 3688 proverbii
889 3622 984 3685 paene
1006 3620 1132 3664 consue-

69 3718 202 3783 tudinem
221 3717 304 3785 venit
324 3719 401 3784 illud
421 3743 475 3785 nos
496 3721 561 3786 fere
584 3720 714 3785 studium
730 3742 765 3784 ac
781 3718 933 3783 literarum
949 3740 1044 3802 genus
1061 3739 1133 3781 con·
1218 3762 1221 3767 -

68 3851 212 3921 temnere,
232 3839 264 3904 in
286 3863 344 3923 qno
364 3838 422 3926 ipsi
442 3838 592 3926 peuegtini
612 3862 725 3905 sumus.
768 3842 816 3903 Aa
837 3835 923 3901 multi
943 3834 1064 3921 quidem
1081 3835 1133 3900 vel

69 3956 176 4023 eruditi
197 3971 287 4041 atque
308 3958 425 4046 optimis
446 3959 561 4024 eruhus
582 3958 678 4024 omati
697 3957 756 4023 vini
774 3970 805 4022 et
825 3955 896 4022 olim
921 3953 1136 4020 contenderunt

10 4158 13 4185 Ι
71 4090 100 4140 et
128 4099 210 4141 nuno
235 4078 418 4145 contendunt
442 4077 611 4144 hominihus
639 4078 679 4142 ad
707 4056 810 4143 ueram
836 4072 1048 4141 humanitatem
1074 4095 1135 4138 non
