2678 4816
348 254 377 281 b*

316 361 829 441 nnsuocseras
1060 367 1133 440 an

58 556 184 642 μέλλῃς,
205 561 227 621 i.
244 580 277 621 e.
290 560 424 643 fenino,
445 574 503 618 non
524 557 608 618 anxie
628 555 706 617 mala
725 557 917 637 perpendens,
943 577 1017 635 quae
1038 579 1077 620 ax
1095 578 1131 623 ea

58 686 93 724 re
113 665 192 723 nasci
212 683 297 739 posse
318 663 370 721 tibi
390 661 487 737 fingis.
529 657 604 720 Nam
623 661 739 735 proprie
760 662 801 719 ita
822 661 972 722 dicendum
995 671 1071 722 erat:
1104 661 1131 723 el

59 761 176 827 ταυτὰν
208 757 306 846 τούτῳ
339 754 462 843 proripiat
492 755 604 839 ἴσχεις,
639 759 824 842 ἐπείγου
863 757 949 840 μάλα
963 758 1048 865 poio
1082 787 1131 825 τοι

60 863 164 948 inops
193 870 329 936 πυκινοῖς
360 863 464 924 ἐνιδεῖν
493 856 592 940 πάθη.
635 861 719 922 Hanc
746 865 907 940 explicandi
934 869 1073 926 rationem
1101 875 1131 928 et

58 981 120 1029 tota
140 969 279 1029 sententia
301 976 331 1025 et
350 968 497 1041 sequentia
519 952 610 1046 ουρός
629 985 696 1041 τοι,
728 962 848 1043 τέκνον,
881 987 972 1047 ουρος
991 989 1048 1028 non
1069 978 1131 1028 tan·

10 1148 17 1155 ⁸
59 1083 122 1132 tum
143 1070 294 1145 adiuvant,
315 1069 365 1128 sed
387 1088 477 1144 paene
497 1067 641 1143 flagitant;
670 1069 709 1126 ita
734 1077 767 1126 nt
787 1089 903 1128 sensum
923 1072 1045 1129 istorum
1066 1091 1132 1131 ver·

10 1158 41 1297 p?
58 1175 162 1235 borum
180 1176 220 1231 ita
243 1174 427 1231 constituam:
452 1173 592 1252 profecto
617 1191 756 1244 magnam
776 1173 906 1246 inopiam
930 1170 1052 1248 prodit,
1081 1177 1133 1253 qui

58 1279 108 1336 nir
124 1277 227 1351 ιιιιιιὶι
250 1278 420 1346 [noronte]
443 1273 524 1334 mula
544 1269 632 1349 videt,
645 1271 706 1331 -lroc
728 1282 788 1348 est,
818 1274 922 1332 festina
953 1295 1025 1334 neve
1047 1277 1132 1335 anxie

58 1379 137 1438 mala
164 1375 327 1452 perpende,
358 1374 505 1450 qrraehao
526 1394 618 1434 exre
645 1375 723 1432 nasci
752 1395 838 1449 posse
866 1377 920 1434 tibi
946 1375 1045 1452 fingis:
1075 1397 1132 1435 non

60 1482 137 1539 enim
167 1479 222 1538 riri
248 1478 345 1553 gravis
371 1486 417 1536 est
442 1477 517 1535 mala
544 1475 651 1550 ubique
670 1477 843 1550 conspicere.
886 1475 967 1537 Haec
993 1480 1134 1537 sententia

59 1581 190 1656 rei.ipsi
217 1580 332 1656 egregie
355 1579 495 1654 convenit,
517 1584 546 1637 et
566 1574 692 1637 Glrorum
712 1599 775 1638 cam
805 1579 877 1638 bene
905 1581 935 1638 in
960 1581 1053 1638 animo
1081 1579 1134 1640 ha·

59 1684 159 1743 bnisse
180 1680 304 1739 ostendit
324 1699 425 1738 versus
447 1679 531 1754 epodi
550 1680 689 1754 ultimus,
717 1681 766 1739 nbi
794 1681 878 1755 plane
899 1681 999 1740 eadem
1019 1692 1134 1742 sentcn-

60 1787 102 1844 tia
130 1784 285 1857 repetitur:
316 1773 409 1851 πόνος
437 1773 453 1840 ὃ
481 1775 526 1858 μὴ
549 1782 656 1862 φοβῶν
677 1775 849 1861 κράτιστος.
891 1781 1040 1856 Πυκινοῖς
1068 1785 1134 1846 fieri

59 1907 119 1946 non
138 1894 248 1960 potest,
269 1885 338 1957 quin
358 1892 474 1958 regatm
495 1883 530 1942 ab
552 1875 654 1965 ἄπορά
675 1881 755 1958 ἔστι,
785 1896 814 1944 et
840 1878 965 1957 πυκιιιός
993 1899 1051 1946 non
1075 1898 1133 1950 tam

59 2000 107 2049 est
126 1986 207 2063 king,
227 1983 415 2059 vorstiindig,
445 2004 530 2059 qrram
550 1983 679 2060 titebtig,
708 1983 952 2069 nocbdriicklicb,
981 1991 1066 2065 plane
1086 2012 1135 2051 re-

60 2090 206 2166 spondens
225 2099 323 2147 nostro
345 2083 504 2161 energiscb.
547 2085 635 2165 Quod
655 2089 730 2147 enirn
757 2091 788 2147 in
817 2091 983 2164 corporibus
1005 2095 1154 2170 firmum‘

58 2192 251 2270 solidumque,
271 2190 308 2248 ad
327 2191 452 2248 animum
470 2190 519 2246 ubi
539 2190 707 2248 transfertur
735 2190 875 2267 significat
892 2196 1014 2270 pavo,
1033 2196 1135 2275 fortir

60 2297 233 2368 omninoque
252 2297 282 2350 vi
303 2312 335 2350 ac
353 2295 453 2366 vigore
469 2290 585 2365 penus.
628 2289 705 2350 Hinc
726 2293 842 2351 demum
847 2336 859 2366 ,
886 2296 913 2353 si
931 2295 1017 2354 modo
1036 2318 1134 2356 mana-

59 2400 122 2474 vit,
149 2397 275 2454 manavit
302 2397 380 2453 notio
401 2391 581 2467 verstiindig,
602 2390 691 2469 king,
720 2415 805 2468 qnam
835 2396 1030 2472 lexicographi
1057 2400 1134 2460 salso

28 2568 31 2581 ‚
58 2521 113 2576 pro
131 2499 277 2557 usitatiore
304 2496 459 2555 venditant.
502 2493 601 2571 Magis
629 2497 713 2553 etiam
741 2495 839 2556 dubito
864 2498 900 2556 de
928 2499 1134 2574 significatione

58 2599 211 2676 bberleffi,
240 2595 444 2674 bedocbtrom,
475 2617 547 2673 qnae
568 2606 597 2655 et
616 2598 748 2672 propriae
770 2610 800 2657 et
820 2599 971 2659 translatae
991 2603 1135 2680 siginifica-

59 2705 132 2763 tioni
158 2702 238 2761 verbi
260 2693 383 2770 πυκινὸς
402 2700 486 2775 plane
507 2702 646 2759 contraria
667 2710 721 2759 est.

145 2801 246 2864 Redeo
267 2802 303 2861 ad
324 2802 541 2878 praecedentia,
564 2793 612 2861 oro
615 2820 736 2983 q*poro
759 2822 794 2862 ον
816 2796 976 2882 sisinium,
1006 2803 1032 2866 el
1057 2829 1135 2868 ταυ-

685 2925 695 2961 ι

60 2901 118 2967 τὰν
139 2925 271 2986 rovrrpp
271 2925 382 2981 νωιιαν
403 2897 517 2982 tom:
551 2903 587 2962 de
695 2906 907 2978 usgravissima
926 2910 1054 2981 quaestio
1076 2920 1134 2972 est.

58 3007 146 3067 Libri
177 3019 289 3067 veteres
327 3008 412 3080 plane
455 3015 487 3064 ut
516 3007 629 3079 scripsi.
664 3003 831 3083 Quaeritur
871 3020 965 3067 autem
1000 3013 1133 3089 primum,

59 3131 135 3187 quae
156 3111 195 3171 sit
214 3113 346 3168 universa
367 3107 470 3166 horum
493 3109 641 3168 sententia.
685 3105 781 3185 Qurnn
804 3118 848 3167 est
874 3111 1011 3184 perfacile
1039 3113 1135 3189 dispe-

59 3224 107 3272 ctu
130 3232 209 3272 osser
240 3213 267 3270 si
294 3214 339 3269 vis
365 3232 467 3269 arcum
487 3207 665 3269 Philoctetae
691 3223 831 3268 avertere.
874 3208 947 3271 Nam
975 3234 1028 3273 nec
1057 3217 1135 3290 quod

58 3317 159 3374 furtim
181 3323 210 3373 et
232 3312 381 3372 dicendum
402 3323 431 3372 et
451 3311 611 3370 faciendum
633 3323 696 3387 est,
724 3333 778 3371 nec
799 3312 876 3431 (prod
896 3318 1134 3389 opportunissime

59 3417 112 3534 lit,
142 3436 234 3491 quum
251 3417 294 3488 is,
325 3413 466 3489 adquam
493 3416 616 3488 pertinet
642 3414 733 3489 illud,
752 3407 940 3534 ἆνόμμιιτος
968 3427 1031 3490 est,
1063 3414 1133 3478 οὐδ’

59 3513 137 3598 ἔχων
158 3512 298 3598 riprando,
327 3508 364 3574 οὕ
388 3510 496 3595 χερὸς,
521 3508 557 3574 οὗ
587 3510 699 3589 ποὸος,
731 3537 766 3576 ov
794 3536 878 3588 τινος
905 3509 1026 3598 ἅρχων,
1055 3523 1136 3582 aliud

58 3620 217 3698 quidquam
238 3641 303 3679 esse
323 3627 434 3693 potest,
456 3621 513 3677 nisi
534 3618 611 3677 idem
632 3618 749 3677 lurtum.
792 3615 841 3679 Ex
858 3640 915 3694 quo
939 3622 1027 3679 simul
1048 3643 1136 3699 appa·

59 3734 107 3783 ret
128 3717 251 3802 γνώμαν
272 3723 375 3794 istam,
407 3720 443 3778 de
464 3742 521 3795 qua
540 3720 713 3795 loquuntur,
741 3717 861 3796 Ulyssis
882 3741 962 3781 esse:
992 3721 1039 3783 lric
1060 3729 1137 3785 enim

58 3827 187 3887 maxime
208 3835 306 3882 auctor
326 3824 420 3880 fuerat
445 3822 558 3880 iurandi
579 3843 595 3881 a
616 3820 776 3880 Philocteta
797 3843 890 3882 arcus.
935 3821 989 3881 Cui
1014 3829 1058 3884 rei
1078 3848 1137 3886 non

29 3930 174 3993 sobstant
195 3947 245 4000 ea,
268 3945 341 3999 quae
363 3925 457 3982 statim
476 3935 648 3999 sequuntur,
681 3925 708 3984 si
737 3923 824 3982 modo
854 3926 1065 4004 intelligantur,
1093 3932 1136 3990 uti

56 4031 147 4107 paulo
185 4039 250 4088 ante
287 4027 440 4085 indicatum
476 4036 531 4084 est.
570 4024 635 4084 Nec
670 4025 792 4083 dixerim
828 4022 951 4085 Atridas
990 4039 1137 4106 totumque

58 4130 239 4225 Gpaccornm
259 4132 417 4188 exercitmn
435 4127 638 4204 intelligendos
657 4147 740 4205 esse,
771 4128 884 4188 etiamsi
914 4131 1071 4191 scribamus
1092 4119 1136 4193 ὧν

55 4228 214 4312 αῧδῶμαι.
256 4227 284 4290 li
314 4233 392 4291 enirn
418 4229 461 4288 nil
488 4230 632 4307 fecerant,
659 4230 717 4291 nisi
743 4229 946 4292 mandaverant
973 4229 1078 4312 Ulyssi
1105 4246 1136 4298 et
