2678 4816
766 137 780 209 l

956 224 995 296 1

197 369 262 439 122
505 457 509 463 .
572 370 795 451 esron
836 369 947 455 vr„

196 571 276 638 tum,
307 578 406 621 omnes
433 580 537 620 nervos
568 561 764 621 contendebat.
808 562 957 623 Postremo
988 561 1023 622 ad
1052 562 1270 640 intelligendum

195 663 271 724 hunc
297 673 388 722 totum
416 665 512 722 locum
537 683 594 722 uon
624 665 740 738 paulum
762 665 829 722 iacit
853 685 954 723 versus
973 669 1053 742 745,
1084 668 1133 740 qui
1161 668 1188 724 si
1218 666 1269 724 vel

196 768 291 826 miuus
309 777 387 826 recte
408 766 583 840 explicatur,
613 786 730 824 necesse
759 777 802 825 est
824 769 964 824 maximoe
986 766 1086 825 lectori
1109 769 1268 826 excitentur

196 870 305 929 turbae.
336 868 415 928 Dicit
435 869 512 927 enim
530 865 735 941 Neoptolemus
757 871 892 943 opiuaus:
924 866 1009 927 deine
1032 866 1155 927 Wnude
1178 868 1268 943 plagi

194 968 264 1030 decl
281 973 385 1046 gewiss
405 967 472 1030 sehr
490 992 567 1046 arg:
590 970 626 1029 ad
647 970 723 1044 quod
743 967 918 1030 Philoctetes
937 970 1105 1044 respondet:
1127 973 1161 1030 ιἰι
1182 966 1265 1046 wohl,

195 1070 440 1134 orbeschreibltch
464 1094 531 1149 org.
1323 1140 1331 1163 ,Ι

278 1171 417 1250 Adiuugo
437 1195 553 1234 versum
574 1179 654 1250 748,
676 1175 725 1233 ubi
742 1172 916 1234 Philoctetes
938 1175 973 1234 de
994 1176 1094 1234 morbo
1115 1174 1199 1234 dicit:
1292 1156 1331 1267 'q

373 1269 438 1355 ἥκει
460 1272 518 1356 γὰρ
541 1269 618 1354 αὕτη
640 1270 692 1335 deri
708 1269 823 1356 χρόνον
846 1270 971 1347 πλάνοις
992 1271 1076 1355 ἴσως,
1323 1282 1329 1295 “

377 1370 420 1450 ὥς
441 1372 623 1457 ἓξεπλήοθη.

282 1476 400 1541 Clarum
420 1492 464 1542 est
485 1493 649 1557 corruptum
668 1480 744 1540 hunc
765 1482 859 1541 locum
880 1502 953 1542 csse.
997 1479 1095 1561 Quum
1115 1481 1193 1540 euim
1217 1500 1267 1540 rc·

196 1584 303 1644 tionem
335 1584 454 1643 reddere
482 1585 582 1644 debeat
610 1581 802 1658 Philoctetes,
842 1605 893 1642 cur
916 1583 1030 1643 -dixerit
1056 1581 1264 1659 Neoptolemo:

194 1678 240 1763 μή
260 1705 299 1761 με
317 1679 475 1766 ταρβήσας
495 1683 636 1766 προδῷς,
657 1684 728 1744 haec
747 1705 863 1761 prorsus
883 1707 955 1759 rme,
978 1697 1115 1760 quarrtrnn
1134 1705 1151 1744 c
1168 1689 1268 1747 verbis

196 1789 363 1864 coniicitur,
385 1790 457 1846 ratio
479 1807 544 1847 esse
564 1798 680 1862 potest,
700 1808 773 1862 quoe
792 1786 926 1846 afferatur
947 1790 982 1847 ab
1002 1807 1053 1848 co:
1076 1785 1193 1848 moribus
1214 1788 1269 1848 obi

197 1887 368 1970 deferbuit,
401 1888 455 1948 diu
474 1912 534 1949 ποιι
553 1886 641 1949 redit.
685 1887 793 1948 Tamen
814 1910 851 1948 ne
881 1887 947 1947 huic
970 1891 1085 1967 quidem
1110 1894 1269 1952 sententiae

194 1993 284 2054 verba
304 1993 344 2050 ita
365 1994 549 2066 conveniunt,
582 2003 614 2051 ut
641 2012 733 2066 neque
755 1991 867 2051 deliciet
887 1991 1040 2066 quidquam
1065 2013 1157 2067 neque
1179 1996 1269 2053 abun·

195 2094 245 2153 det
271 2115 365 2169 neque
387 2093 520 2154 offendat.
576 2091 712 2168 Inprimis
732 2114 792 2152 vox
814 2088 887 2164 ἴσως
906 2095 1110 2153 accommodari
1128 2096 1172 2154 illi
1186 2097 1268 2155 nullo

195 2208 278 2272 pacto
300 2206 403 2272 potest.
448 2194 560 2276 Quodsi
583 2216 646 2254 cum
667 2194 851 2272 Hermanno,
882 2208 1019 2255 commate
1047 2207 1112 2272 post
1139 2191 1268 2270 πλάνοις

106 2356 109 2362 ,
197 2301 310 2375 posito,
340 2300 559 2373 interpretamur
589 2319 689 2376 (reque,
719 2317 821 2356 seusus
852 2301 977 2356 noscitur
1010 2320 1027 2358 a
1052 2311 1152 2358 natura
1179 2299 1268 2360 huius

196 2400 255 2459 loci
282 2400 403 2462 alienus.
447 2397 481 2457 Si
513 2402 588 2458 euim
616 2397 788 2458 Philoctetes
811 2401 899 2482 dicit:
926 2399 1004 2459 redit
1031 2400 1147 2461 morbus
1172 2403 1269 2479 longis

195 2502 358 2561 intervallis
378 2524 480 2576 vagus,
502 2524 592 2580 oeque
614 2515 646 2559 ut
667 2499 811 2574 desaevit,
834 2502 901 2560 dicit
924 2505 1011 2560 ctiam
1026 2502 1174 2563 desaevire
1190 2529 1267 2564 ιινον-

198 2602 265 2665 bum
292 2604 387 2678 longis
414 2603 576 2663 intervallis
605 2624 721 2677 vagum.
764 2601 808 2662 At
837 2606 958 2677 primum
985 2608 1032 2679 qui
1070 2618 1179 2680 poterat
1217 2609 1268 2667 ille

197 2708 329 2777 morbus,
352 2707 462 2779 quoties
483 2725 617 2778 praeseus
647 2716 725 2779 erat,
753 2726 842 2780 vagus
872 2726 952 2780 esse,
982 2729 1069 2780 (pirrum
1096 2730 1152 2767 uon
1182 2710 1268 2769 modo

196 2811 228 2868 in
251 2808 323 2882 pede
345 2807 442 2866 sedern
464 2803 598 2881 haberet,
630 2806 788 2969 certium
808 2810 838 2865 iu
859 2819 933 2867 certa
955 2819 1036 2882 perte
1056 2810 1148 2884 pedis.
1193 2807 1269 2871 Sunt

196 2912 286 2987 igitur
306 2910 444 2969 contrario
464 2909 580 2967 morbus
597 2930 666 2984 ougr
711 2919 740 2968 et
760 2911 893 2984 morbum,
916 2913 966 2985 qui
989 2921 1097 2970 constat
1117 2913 1269 2973 uulnerato

191 3010 280 3088 pede.
324 3009 437 3069 Deinde
460 3013 485 3069 si
507 3013 592 3070 etiam
610 3010 787 3072 Philoctetae
808 3015 923 3071 morbus
944 3035 1036 3088 vagus
1057 3026 1152 3088 esset,
1174 3027 1269 3074 tamen

197 3114 275 3190 quod
295 3114 348 3172 illc
369 3113 464 3189 longis
485 3115 648 3174 intervallis
666 3136 759 3189 vagus
780 3114 941 3191 diceretur,
968 3117 1094 3190 prolecto
1123 3139 1180 3175 uon
1206 3121 1269 3176 exi·

197 3226 288 3276 meret
308 3217 439 3275 timorem
460 3214 670 3292 Neoptolemo,
696 3216 748 3276 sed
769 3217 968 3292 confirmaret,
987 3219 1017 3276 id
1040 3218 1115 3294 (prod
1136 3231 1230 3278 tamen
1251 3242 1268 3278 a

198 3319 317 3378 consilio
338 3317 511 3378 Philoctetae
532 3339 650 3394 prorsus
671 3318 812 3379 abhorret.
856 3318 1013 3379 Doctorum
1033 3322 1082 3380 vel
1102 3319 1269 3395 eirplicotio-

197 3442 250 3483 nes
271 3420 319 3479 nel
338 3412 508 3582 mutaticjffies
530 3417 711 3480 Hermauuus
732 3423 788 3479 iam
810 3423 918 3479 monuit
939 3443 1035 3482 omues
1060 3426 1170 3498 ineptes
1190 3445 1268 3486 esse.

197 3519 299 3598 Neque
320 3524 444 3597 relinqui
510 3521 680 3597 quidquam,
700 3524 757 3581 uisi
779 3533 810 3581 ut
832 3526 990 3584 coniectura
1012 3527 1106 3584 locuur
1121 3547 1267 3588 sanemus.

197 3623 299 3700 Atque
320 3624 394 3684 nihil
413 3623 469 3684 hcc
488 3627 520 3685 in
541 3645 646 3701 genere
667 3627 843 3701 ingeniosius
860 3637 904 3685 est
919 3630 1078 3687 coniectura
1097 3626 1270 3706 Hermauni,

197 3727 266 3787 licet
294 3729 385 3801 ipsius
412 3728 616 3802 improbantis:
648 3722 773 3798 πλάνοις
794 3723 892 3800 litore:
920 3730 997 3804 qrrod
1027 3741 1059 3788 ut
1080 3735 1219 3806 receperit
1239 3736 1268 3791 iu

198 3830 353 3888 novissima
378 3829 521 3904 editione,
550 3831 716 3889 benefecit
742 3828 923 3890 Wunderus.
967 3831 1015 3891 De
1044 3853 1100 3907 qua
1127 3835 1271 3895 scribendi

196 3933 306 3990 ratione
327 3929 508 3990 Hermaunus
530 3932 638 3991 dubitat
658 3943 824 4007 propterea,
857 3935 924 4008 quio
951 3923 1120 4007 ipso'verho
1143 3929 1302 4015 uicinum
1326 3928 1331 3945 ³

199 4043 291 4093 certae
308 4035 385 4091 vices
400 4033 514 4092 excludi
533 4045 562 4092 et
574 4037 667 4108 potius
679 4036 787 4094 fortuiti
799 4056 929 4095 accessus
942 4035 1097 4111 significari
1108 4024 1268 4098 videantur.

171 4165 178 4177 ·
199 4134 244 4196 At
260 4128 367 4195 πλάνοι
382 4157 438 4194 non
450 4146 516 4196 sum
526 4159 666 4212 accessus,
683 4138 734 4198 sed
747 4142 925 4213 vagationes,
943 4149 971 4196 et
985 4148 1080 4211 potest
1092 4139 1141 4196 ille
1153 4143 1270 4200 morbus

193 4255 264 4316 post
274 4249 352 4299 certa
362 4240 513 4303 mtervallo
522 4240 668 4318 secedere,
683 4251 832 4319 postquem
839 4263 899 4317 per
911 4239 981 4301 hoec
989 4241 1140 4337 iuternnlle
1151 4255 1271 4318 vagatus
