2678 4816
479 354 859 419 Anrlaottn.
1185 363 1209 425 7

132 542 218 605 nimis
240 545 396 622 studiosis,
425 564 525 604 reuera
545 543 619 603 nihil
641 542 707 604 munt
726 547 782 605 uisi
803 546 953 606 artificium
974 547 1116 623 quoddam
1136 549 1207 611 rhe-

130 650 263 723 toricum,
284 670 341 723 quo
362 649 483 722 scriptor
490 660 591 722 ,eptae
611 648 666 705 suit
687 649 800 724 linguae
823 647 948 708 Graecae
969 653 1049 724 copia
1069 661 1097 710 et
1118 655 1207 712 abun·

131 750 245 824 dantia,
277 771 366 809 inrum
394 749 527 824 idemque
552 749 673 808 diversis
695 751 787 808 modis
809 754 972 825 exprimens
992 753 1077 829 longe
1098 765 1127 812 et
1149 756 1206 813 cle·

128 854 236 912 riorern
257 863 287 912 et
307 853 467 928 graviorem
489 851 579 910 oculis
602 852 741 910 lectorum
763 855 918 911 orationem
940 855 1045 913 obiicit.
1089 855 1133 915 Ita
1154 877 1205 933 ge·

128 956 246 1013 minatio
265 955 493 1030 interrogationis
513 955 542 1010 in
568 955 649 1028 πῶς,
680 951 712 1012 τί
737 957 826 1014 τοῦτο
857 954 950 1036 λέγεις
977 977 1034 1015 non
1061 959 1204 1017 modoad

129 1056 298 1115 eliciendam
318 1057 448 1116 idoneam
469 1057 701 1132 responsionem,
720 1056 772 1116 sed
793 1058 935 1116 etiamad
955 1078 1018 1117 rem
1039 1061 1132 1133 ipsam
1153 1081 1205 1122 cx·

128 1158 297 1233 planandam
325 1170 355 1218 et
383 1161 491 1218 maiore
521 1180 584 1217 cnm
609 1159 639 1216 ri
661 1161 873 1233 proponendam
893 1181 950 1219 non
969 1161 1086 1234 paulum
1105 1162 1204 1222 forsan

126 1259 244 1319 faceret.
298 1258 368 1318 Eius
396 1259 607 1319 consuetudinis
634 1270 677 1319 ῖοῖ
703 1262 795 1320 millia
824 1261 899 1336 apud
921 1259 1048 1322 Graecos
1070 1264 1203 1338 exempla

128 1372 211 1436 snut,
229 1372 261 1420 ut
282 1363 404 1422 dubitari
426 1362 462 1422 de
484 1383 516 1422 ea
536 1371 673 1437 nequeat,
705 1372 734 1422 et
754 1360 838 1422 Plato
858 1365 989 1438 inprimis
1010 1385 1096 1439 qnam
1119 1367 1201 1426 illius

91 1538 97 1544 ι
127 1466 195 1523 artis
216 1466 407 1539 peritissimus
429 1465 532 1539 fuerit,
563 1475 661 1523 notum
682 1475 736 1525 est.
788 1463 887 1540 ltaque
914 1464 1050 1526 hactenus
1072 1488 1128 1525 non
1150 1466 1202 1526 ha·

126 1566 238 1642 beram,
259 1566 336 1642 quod
357 1566 463 1642 duplici
482 1569 696 1642 interrogationi
717 1567 790 1640 πῶς,
811 1563 843 1626 τί
859 1577 1008 1643 repugnet.
1053 1566 1113 1626 lam
1130 1589 1199 1629 vero

126 1677 186 1727 tota
211 1669 268 1727 ista
295 1669 401 1728 locutio
430 1678 552 1744 quatuor
578 1669 639 1726 sere
667 1668 738 1726 locis
768 1666 896 1728 Platonis
928 1670 1100 1729 absolvitur:
1141 1669 1198 1748 his,

125 1756 289 1847 ¹quaeritur,
319 1782 414 1830 atnam
442 1769 550 1844 duplex
575 1771 759 1847 interrogatio
781 1773 938 1830 conueniat.
990 1769 1106 1831 Priores
1127 1772 1200 1833 duos

125 1874 212 1933 sinml
233 1893 390 1950 apponam,
412 1882 479 1931 sunt
497 1874 572 1931 enim
592 1881 694 1931 natura
712 1892 762 1932 sua
783 1874 956 1948 persimiles.
1000 1871 1081 1933 Unus
1102 1877 1199 1936 estin

125 1972 244 2034 Timaeo
265 1997 295 2050 p.
312 1982 370 2051 22,
392 1973 438 2048 Β,
468 1971 521 2032 καί
547 1995 614 2033 τινα
644 1972 734 2032 εἰπεῖν
760 1975 822 2034 τῶν
852 1969 953 2051 ἱερέων
975 1961 1007 2034 εὖ
1030 1970 1115 2053 μάλα
1137 1999 1198 2036 πα-

126 2071 230 2152 λαιὸν,
252 2064 277 2136 ὦ
300 2071 425 2153 Σόλων,
445 2067 572 2151 Σόλων,
588 2067 729 2153 Ἓλληνες
751 2070 795 2134 ἀεὶ
817 2071 922 2146 παῖδές
942 2072 1025 2151 ἔστε,
1047 2074 1142 2158 γέρων
1163 2073 1198 2138 dd

119 2171 230 2258 Ἕλλην
252 2175 307 2238 οὔκ
327 2172 419 2238 ἔστιν.
461 2168 608 2247 Ἀκούσας
629 2163 699 2251 oda,
723 2178 807 2250 πῶς,
830 2175 861 2235 τί
876 2178 965 2236 τοῦτο
988 2174 1082 2256 λέγεις
1089 2202 1100 2254 ,·
1132 2171 1196 2258 ‹pai-

124 2301 192 2356 ναι,
212 2282 286 2340 alter
306 2281 336 2338 in
357 2278 492 2355 Sophista
510 2300 540 2354 p.
560 2285 633 2352 261,
654 2276 697 2353 E,
719 2281 769 2337 nbi
791 2276 947 2337 Theaeteto
969 2278 1124 2353 disputanti
1144 2301 1197 2339 vo·

124 2384 223 2443 cabula
241 2385 344 2457 partim
366 2401 538 2456 consonare,
568 2382 671 2455 partim
700 2401 757 2439 non
778 2401 932 2440 consonare
953 2377 1059 2454 hospes
1079 2379 1195 2440 Eleates

123 2484 292 2567 respondet,
314 2504 380 2543 enm
399 2484 496 2543 forsan
515 2481 570 2541 hoc
592 2481 703 2557 dicere,
724 2484 876 2558 vocabula,
898 2502 970 2557 qnae
992 2485 1123 2542 contiuuo
1143 2504 1196 2557 po·

123 2599 226 2647 uantur
245 2597 275 2647 et
296 2584 404 2660 aliquid
426 2586 595 2659 exprimant,
616 2586 737 2643 invicem
758 2606 923 2663 consonare,
945 2606 1017 2660 qnae
1038 2605 1107 2645 vero
1128 2605 1195 2644 con·

123 2692 230 2757 tinuata
257 2688 330 2746 nihil
351 2687 528 2764 significent,
561 2686 721 2763 dissonare3
751 2685 798 2746 hic
825 2685 878 2747 ille
905 2706 1024 2747 rursus:
1055 2687 1135 2762 πῶς,
1165 2683 1198 2747 τί

123 2787 210 2852 τοῦτ’
234 2783 327 2867 εἶπες
358 2788 516 2864 Utrobique
536 2809 592 2846 non
611 2790 708 2847 multis
729 2809 801 2864 opus
817 2800 877 2849 est:
897 2800 1018 2866 utroque
1038 2791 1113 2848 enim
1125 2790 1190 2848 loco

122 2895 320 2970 planissimum
341 2902 385 2951 est
403 2890 459 2950 hoc
479 2892 643 2949 universmn
663 2892 848 2968 interrogari,
867 2895 923 2950 wie
943 2894 1045 2950 maiust
1065 2888 1107 2948 du
1124 2888 1192 2967 das,

122 2995 210 3076 Quod
231 2992 374 3054 immutari
394 2995 482 3069 probe
503 3013 588 3068 posse
608 2995 659 3068 ita,
680 3004 712 3051 nt
728 2993 836 3068 duplex
850 2992 901 3052 liat
914 2993 1098 3069 iuterrogatio
1115 2992 1190 3069 πῶς’,

122 3094 160 3174 τί,
183 3099 288 3173 exiis,
310 3117 382 3173 qnae
403 3097 542 3171 disputata
562 3105 640 3169 sum,
659 3096 728 3153 satis
749 3104 873 3170 apparet.
916 3093 1013 3153 Aliud
1033 3097 1126 3154 estin
1149 3094 1191 3152 al·

121 3202 191 3259 teris
213 3199 323 3258 duobus
343 3200 424 3273 locis,
446 3219 566 3272 quarann
585 3199 663 3272 prior
684 3199 778 3256 estin
797 3195 906 3271 Hippia
927 3194 1000 3255 Mai.
1022 3218 1052 3271 p.
1064 3201 1137 3270 297,
1152 3192 1191 3271 E,

121 3303 170 3360 ubi
193 3299 325 3360 Socrates
346 3301 414 3359 dicit
435 3299 471 3358 ad
491 3297 645 3375 Hippiam:
666 3291 724 3378 ὅρα
745 3294 820 3378 γὰρ,
841 3296 867 3358 εἴ
888 3291 904 3358 ὃ
929 3292 965 3357 ἂν
976 3301 1093 3374 χαίρειν
1109 3285 1191 3371 ἡμᾶς

122 3402 209 3483 ποιῇ,
233 3400 322 3461 τοῦτο
346 3407 457 3483 quitata
479 3394 553 3462 elatu
574 3395 687 3477 καλὸν,
706 3401 787 3475 πῶς,
809 3397 841 3460 τί
859 3394 913 3480 ἄρ’
938 3391 975 3458 ἂν
997 3392 1190 3476 ἀγωνιζοίμε-

121 3504 185 3581 du,
217 3502 278 3584 Qui
299 3506 429 3578 quamuis
451 3513 528 3562 totus
549 3504 634 3578 paulo
655 3502 817 3576 impeditior
838 3503 918 3560 locus
940 3503 996 3577 sit,
1025 3509 1118 3558 tamen
1135 3496 1190 3557 hoc

120 3606 204 3665 facile
225 3614 271 3664 est
290 3607 453 3680 intellectu,
474 3603 548 3663 nihil
567 3607 690 3679 ineptius
710 3604 751 3662 ibi
773 3624 837 3663 esse
858 3623 943 3678 posse
961 3602 1125 3677 pronomine
1145 3600 1190 3659 in·

121 3709 293 3783 terrogativo
314 3703 361 3781 τί,
384 3706 459 3782 quod
478 3716 506 3766 et
527 3727 542 3765 a
565 3708 701 3765 sententia
722 3707 778 3764 loci
799 3714 828 3764 et
848 3726 864 3764 a
885 3703 1020 3779 loquendi
1037 3696 1189 3761 'consuetu-

121 3808 186 3868 dine
201 3830 318 3884 prorsus
336 3807 476 3868 abhorret.
507 3804 735 3884 Confugiendmn
748 3817 792 3866 est
805 3808 892 3884 igitur
913 3806 949 3865 ad
959 3804 1134 3879 adverbium,
1156 3811 1189 3862 ut

121 3913 158 3971 rit
177 3921 307 3970 nostrum
328 3931 400 3986 was,
421 3929 524 3984 wozu3
547 3919 576 3968 et
596 3894 673 3969 recte
695 3910 824 3985 quidem:
845 3929 912 3967 nam
927 3927 1028 3967 sensus
1041 3906 1190 3964 manifesto

119 4007 164 4072 hic
184 4023 245 4073 est:
273 4011 356 4088 vide,
384 4016 431 4086 si,
462 4009 650 4092 quodcumque
672 4035 725 4071 uos
748 4009 909 4083 [audientes
930 4024 957 4069 et
977 4007 1115 4078 videntes]
1139 4004 1189 4066 de·

120 4112 224 4192 ῖῖθῖῖιῖ,
238 4113 396 4191 pulchrum
414 4112 450 4173 id
468 4118 697 4187 nominamus,
725 4135 860 4193 quorsum
877 4128 937 4172 tmn
958 4109 1184 4187 disputaremus,

121 4210 198 4279 he.
224 4225 285 4278 tum
313 4220 389 4279 omni
416 4217 604 4295 disputatione
630 4215 897 4295 supersederemusa
922 4233 1007 4274 wenu
1029 4216 1086 4272 wir·
1115 4211 1189 4272 alles
