2678 4816
337 222 375 291 .
552 142 568 215 1

328 401 831 491 88888888888,
1073 400 1136 469 121

63 607 98 658 ut
112 617 178 656 eum
192 593 299 655 Lemni
314 605 505 672 exponereut3
528 596 565 657 cf.
584 598 649 657 747
663 616 726 672 sqq.
743 602 879 672 796sqq.
904 602 964 658 809
981 615 1045 671 sqq.
1062 603 1137 673 813,

65 703 141 775 488,
166 703 228 759 aar
249 733 291 744 -
314 705 374 774 88,
398 705 478 773 878,
504 705 583 774 888,
608 699 680 757 nem
700 705 783 760 1020
805 720 868 774 sqq.
891 705 964 760 888.
1008 697 1047 757 Et
1073 701 1161 773 qua.

66 800 133 858 dem
154 799 221 858 sacit
241 798 288 858 hic
306 820 434 859 summus
455 802 551 876 timor,
573 810 605 858 ut
624 801 773 876 morbum,
796 800 890 874 quoad
909 821 967 859 uon
987 800 1141 860 violentior

68 912 131 976 est,
161 923 246 976 quam
273 923 325 975 pro
347 901 468 959 humana
489 913 569 977 parta
593 908 640 974 [v.
664 909 726 964 732
748 907 821 977 sq.]‚
849 902 922 962 celet
943 913 1027 978 atque
1054 903 1139 962 11881-

22 1018 25 1024 ‘
67 1005 158 1064 malet
175 1009 215 1075 [v.
238 1009 319 1078 722,
340 1007 412 1077 725,
436 1009 510 1078 729,
532 1010 594 1064 732
613 1009 673 1079 88]
697 1002 863 1064 Coniunctis
883 1017 978 1065 autem
993 1006 1089 1065 dolore
1111 1014 1141 1063 et

15 1136 18 1141 ·
69 1117 99 1166 et
112 1115 201 1181 metu,
216 1107 341 1182 gignimr
354 1105 429 1163 illud
444 1105 584 1180 88811888
598 1107 722 1166 taedium
737 1107 876 1167 etodium
891 1129 989 1168 eorum
1003 1111 1141 1185 omnium,

10 1140 46 1281 ἑ
69 1228 142 1284 quaa
159 1217 300 1284 poscunt,
321 1219 353 1269 ut
373 1209 460 1266 verba
481 1207 569 1282 fiant,
591 1211 758 1283 praesertim
780 1211 806 1269 si
827 1211 878 1269 illa
898 1212 992 1286 ipsum
1013 1211 1049 1270 81
1064 1233 1141 1289 mor·
1180 1286 1182 1291 ,

69 1311 138 1370 bum
157 1319 292 1385 spectant.
334 1306 415 1368 Haec
435 1321 570 1384 reputans
593 1321 677 1386 atque
698 1311 887 1372 Philoctetam
908 1313 959 1372 tali
980 1313 1073 1372 taedio
1099 1315 1142 1373 af-

69 1413 175 1472 fectum
196 1414 252 1471 sibi
271 1411 383 1488 fingens
402 1413 452 1472 vix
472 1412 673 1489 demirabitur,
704 1413 779 1488 quod
810 1416 837 1473 is
865 1414 901 1474 18
927 1416 1051 1491 querelis
1082 1418 1142 1474 suis

70 1515 115 1574 bis
136 1516 344 1592 interrogatus,
366 1515 410 1573 bis
432 1535 544 1590 quoque
563 1516 733 1590 respoudeat
754 1515 917 1575 declinans:
950 1508 1044 1577 81898
1071 1519 1092 1576 1.
1115 1539 1142 1577 8.

69 1620 156 1692 nosti,
178 1614 220 1675 du
238 1619 335 1674 zceisst
355 1637 386 1675 88
405 1619 457 1692 ia,·
479 1617 555 1692 (8881
577 1618 680 1677 181818
700 1639 737 1677 88
756 1639 830 1677 8888
850 1619 965 1700 quidem
991 1621 1145 1694 exquirere
1241 1634 1244 1641 '

70 1720 213 1782 desinenti
233 1719 279 1779 illi
302 1715 345 1791 [τί
363 1723 423 1791 σοι]
447 1721 533 1795 paulo
555 1717 759 1780 stomachosius
779 1721 964 1796 respondeat:
989 1714 1153 1799 8188118,

70 1845 128 1901 quo
147 1822 253 1894 indicat
283 1841 315 1881 88
343 1841 407 1880 ram
434 1823 589 1881 confectam
620 1823 712 1899 velle,
742 1832 771 1881 et
799 1823 874 1899 quod
905 1823 1027 1897 denique
1059 1826 1146 1883 etiam

71 1926 188 1986 miranti
220 1916 516 2002 [astronianum]
549 1925 606 1983 tale
635 1945 805 2000 responsum
833 1925 919 2000 plane
944 1946 1002 1984 888
1029 1933 1147 2002 8888881-
1181 1900 1189 1916 ⁶

74 2029 151 2103 dest,
173 2025 225 2087 881
246 2027 394 2086 doloribus
416 2029 475 2085 8818
488 2027 636 2102 indulgeat
659 2028 985 2104 [nannanannunaih
1029 2025 1063 2086 ln
1084 2031 1147 2104 qui·
1200 2076 1204 2085 .

73 2126 130 2190 bus
152 2110 353 2204 8818888118,
380 2128 449 2203 quid
477 2129 590 2188 tandem
611 2150 667 2194 non
688 2129 774 2188 modo
795 2151 851 2189 non
872 2129 1147 2208 reprehendendum,

74 2232 127 2295 sed
139 2231 208 2307 quid
225 2253 282 2290 nou
300 2229 533 2290 artificiosissime
546 2231 651 2289 dictum
662 2234 699 2292 sit
709 2232 746 2290 ad
761 2232 977 2307 exprimendum
993 2231 1147 2309 hominem,

75 2335 171 2411 qualis
200 2332 248 2393 hic
270 2331 442 2392 Philoctetes
473 2333 626 2392 inducitur.
670 2331 753 2393 Nunc
779 2334 976 2410 interrogans,
1003 2337 1076 2393 sicut
1098 2356 1149 2393 na·

74 2449 140 2496 tura
167 2436 242 2512 fert,
283 2434 489 2509 Neoptolemus
517 2446 580 2510 est,
619 2434 792 2496 Philoctetes
829 2437 934 2495 invitus
963 2437 1149 2511 respondens.

75 2537 160 2600 Nunc
187 2559 280 2614 neque
316 2534 455 2598 contraria
484 2540 553 2597 dicit
583 2537 773 2613 Philoctetes,
811 2534 903 2612 neque
942 2537 1066 2597 ferocior
1096 2549 1179 2616 est„

77 2663 165 2718 quam
187 2641 260 2699 cadit
280 2642 310 2698 in
331 2662 416 2717 8888,
445 2643 494 2717 qui
515 2644 685 2717 ingratiam
706 2642 823 2713 alterius
853 2641 963 2714 irrepit.
1007 2638 1068 2700 Nec
1095 2661 1153 2700 888

33 2808 41 2819 ,
79 2745 167 2804 verba
192 2740 225 2802 τί
252 2763 299 2802 σοι
329 2742 399 2800 mihi
426 2744 542 2819 8811888
572 2745 731 2803 rectissime
758 2742 891 2805 videntur
912 2742 968 2801 dici
989 2763 1005 2801 a
1027 2740 1152 2818 Neopto-

51 2897 55 2904 .
78 2845 176 2920 lamo,
197 2844 228 2903 id
250 2845 326 2919 quod
346 2855 432 2922 negat
454 2844 662 2931 Hermannusffi.
689 2843 763 2903 Sum
794 2847 869 2903 euim
891 2845 1093 2905 cousuetudine
1123 2849 1153 2906 in

81 2948 169 3007 breve
191 2951 285 3011 coiicta
308 2969 362 3006 ex:
395 2945 427 3014 τί
445 2968 492 3008 σοι
514 2943 638 3024 συνέβη,
661 2966 732 3021 888,
764 2943 796 3004 τί
815 2967 862 3005 σοι
886 2943 1016 3025 tyllam
1045 2950 1084 3007 ita
1111 2959 1154 3024 ut,

82 3053 109 3112 81
130 3049 185 3109 hoc
206 3050 260 3108 1181
281 3060 391 3125 potest,
422 3052 513 3124 possit
539 3051 622 3108 etiam
646 3049 803 3123 praecisius
824 3047 907 3106 illud.
951 3047 1033 3108 Nihil
1060 3062 1155 3110 autem

82 3155 195 3212 facilius
217 3164 282 3229 est,
303 3173 386 3228 quam
407 3153 482 3212 ferre
512 3152 636 3227 palmam
658 3149 824 3226 Phyllidis,
854 3170 940 3225 qraam
968 3152 997 3208 ai
1024 3155 1158 3225 exposuit

84 3254 265 3332 hugoldus,
297 3258 345 3337 881
374 3253 550 3314 Philoctetae
579 3255 666 3312 verba
695 3246 749 3311 οὐκ
780 3244 849 3310 otta
886 3252 1033 3312 commode
1060 3265 1158 3330 posset

84 3357 248 3417 defendere.
294 3355 376 3435 Quae
395 3357 544 3416 defensore
566 3377 602 3414 ue
624 3365 708 3432 egeat
729 3355 854 3429 quidem.
897 3351 971 3413 Nam
991 3356 1031 3414 ita
1045 3367 1158 3431 pertae-

85 3480 150 3520 sum
181 3469 224 3519 est
245 3457 431 3518 Philoctetam
463 3461 662 3520 sciscitationis
682 3455 884 3551 Neoptolemj,
912 3467 945 3515 nt
974 3479 1008 3517 88
1036 3459 1158 3519 liberum
1265 3458 1273 3477 ''

86 3583 152 3622 8888
173 3564 307 3636 8881888,
339 3582 454 3636 prorsus
475 3572 507 3621 ut
526 3582 579 3620 nos
608 3560 859 3645 interrogationem
888 3559 1008 3623 alicuius
1036 3564 1160 3638 graviter

87 3665 229 3739 serentes,
251 3664 441 3738 respondeat:
465 3659 519 3722 οὐκ
541 3656 620 3722 otta.
664 3660 754 3720 Porro
775 3658 863 3737 haec,
885 3657 1028 3732 881ςοῦνᾲ
1054 3654 1160 3739 81898,

87 3767 194 3828 nemini
225 3767 399 3840 praeclarius
427 3768 613 3840 conveniunt,
648 3784 733 3838 quam
762 3760 960 3838 Neoptolemo.
1003 3763 1078 3824 Nam
1107 3764 1161 3825 hoo

10 3920 14 3943 ,
87 3869 218 3944 profecto
244 3877 304 3941 est,
335 3867 411 3945 quod
439 3869 606 3943 adrnireris,
638 3865 825 3924 Philoctetam
856 3887 922 3939 prae
954 3865 1052 3925 dolore
1073 3868 1163 3926 iucla·

27 3952 69 4011 ³⁸*
89 3981 230 4044 mantem,
251 3972 362 4028 nescire
383 3990 415 4028 se
437 3971 541 4045 dicere,
564 3990 614 4028 cur
635 3969 780 4028 inclamet.
824 3967 1002 4046 (1888111888
1023 3971 1163 4028 88881818

89 4070 281 4147 Neoptolemo
309 4093 402 4146 neque
423 4074 524 4131 suisset
555 4075 595 4131 ita
615 4069 793 4145 mirandum,
813 4090 884 4144 nec,
907 4071 932 4127 si
952 4071 1073 4147 suisset,
1095 4068 1170 4132 Phi-.

89 4175 210 4237 loctetes
239 4174 440 4235 declaravisset
470 4174 683 4232 adrrriratiouem
711 4191 811 4249 suam,
842 4172 894 4231 881
916 4173 1038 4248 tacitus,
1069 4172 1165 4248 credo,

88 4279 177 4341 valde
194 4272 312 4359 gaffi
323 4287 400 4337 esset
411 4276 551 4337 occultum
569 4294 635 4336 8888
654 4274 697 4351 11,
718 4273 796 4352 quod
817 4284 849 4335 nt
868 4285 1050 4352 permanaret
1067 4275 1164 4335 occal-

593 4568 631 4653 N
