2678 4816
126 441 131 462 ι
214 353 279 421 138
582 352 808 417 BAPUT
852 350 910 417 Vl.

212 557 307 608 nostro
329 548 359 605 ia
378 542 458 621 locd,
481 541 533 605 sed
553 546 640 622 paulo
660 545 763 604 lortius
778 565 970 622 expressum,
993 546 1096 609 timeus
1117 566 1151 605 ae
1165 565 1291 620 quereus.

213 653 378 726 interrogat.
409 647 491 709 ‚sed
527 669 584 708 non
611 649 704 723 magis
731 647 836 706 ibidem
867 646 903 706 de
929 645 1070 725 Harpyiis
1094 645 1289 725 cogitandum,

214 773 298 828 quam
317 771 402 811 sanus
424 753 574 826 quisrpram
594 749 641 809 hic
662 749 698 809 de
718 751 755 808 iis
777 751 921 828 cogitabit.

299 885 395 947 Venio
426 887 461 946 ad
489 888 609 945 alteram
639 887 851 961 quaestionem,
881 907 953 961 quae
983 873 1111 945 versatur
1140 887 1171 944 iu
1191 887 1288 945 verbis

213 984 256 1051 ori
278 985 351 1071 γὰρ
372 985 422 1049 i'r'
448 982 585 1066 ἰσχύω.
637 987 721 1066 Quae
748 1009 841 1063 neque
869 991 931 1064 ipsa
959 987 1086 1047 difficilis
1108 998 1152 1046 est
1173 998 1202 1046 et
1223 988 1289 1046 lon-

213 1096 328 1170 ginqua.
373 1089 438 1152 Stat
457 1092 508 1149 illa
529 1090 616 1150 verba
631 1100 760 1164 corrupta
784 1109 863 1150 esse:
889 1091 972 1149 debet
987 1092 1062 1148 euim
1077 1089 1198 1150 dimeter
1214 1091 1289 1148 iem·

213 1196 294 1254 lricrrs
316 1194 494 1252 catalecticus
516 1211 580 1250 esse
600 1190 648 1249 hic
667 1212 779 1250 versus.
823 1190 861 1249 Et
876 1192 991 1267 ‹pidem
1005 1213 1102 1250 ueram
1117 1194 1191 1250 riam
1206 1211 1289 1249 mon·

211 1298 314 1357 stravit
334 1294 475 1354 Heathius
497 1294 649 1352 emendans
672 1287 787 1369 ἴσχω,
812 1295 995 1369 quodetiam
1017 1313 1117 1352 sensus
1134 1293 1288 1367 desiderat,

211 1399 399 1472 seqrrentibus
428 1394 575 1455 Brunckio
603 1392 758 1455 Schael'ero
779 1387 927 1454 Erfurdtio
947 1395 1112 1456 Hermanno
1133 1393 1289 1455 Diodorlio

215 1497 383 1560 Wundero.
434 1496 564 1557 confecit
594 1499 670 1555 viam
696 1499 779 1555 istam
799 1495 982 1556 Hermanuus
1003 1498 1100 1557 delens
1121 1493 1179 1579 γὰρ
1201 1497 1289 1575 illud,

213 1603 291 1678 quod
311 1603 438 1679 glossam
457 1602 541 1657 nimis
561 1598 688 1673 redolet,
718 1619 802 1673 pram
823 1610 855 1658 ut
879 1621 935 1657 non
959 1600 1146 1659 libentissime
1174 1603 1290 1659 omitta-

212 1715 279 1781 tur,
298 1703 375 1779 quod
394 1705 480 1762 etiam
499 1703 654 1760 sententiae
674 1702 807 1775 gravitati
828 1700 958 1777 obsistit,
992 1713 1022 1760 et
1048 1702 1125 1776 qaod
1152 1700 1290 1763 Wunde-

213 1826 265 1865 ras
293 1807 398 1863 melius
424 1805 540 1862 fecisset
568 1804 593 1860 si
624 1805 767 1861 omisisset
787 1805 818 1861 iu
838 1805 1033 1862 recentissima
1052 1803 1186 1863 editione.
1223 1801 1288 1864 Ha·

212 1908 313 1966 bemus
329 1926 405 1964 nrrnc
425 1908 455 1964 in
476 1906 582 1978 optimo
604 1904 724 1964 dimetro
746 1907 864 1963 iambico
885 1905 1046 1964 catalectico
1068 1908 1204 1980 optimmn
1221 1912 1288 1966 sen'·

215 2029 290 2070 sarm.
340 2007 438 2088 Quare
468 2017 602 2080 cavente,
632 2008 681 2080 qui
708 2005 825 2080 posthae
853 2003 925 2064 hanc
945 2007 1072 2065 fabulam
1091 2009 1168 2067 foras
1190 2008 1287 2086 edent,

121 2130 124 2136 ·
210 2131 250 2170 -ne
280 2131 349 2185 prae
376 2109 530 2169 immodico
558 2118 642 2183 atque
674 2128 756 2167 caeca
794 2109 972 2168 observantia
1008 2109 1136 2169 codicum
1171 2116 1288 2186 poetam

210 2212 371 2290 negligant.

300 2346 402 2407 Totam
423 2344 567 2421 stropham
589 2348 749 2423 genuauicc
771 2349 812 2405 sic
833 2358 928 2406 verto:
954 2344 981 2405 O
1004 2344 1045 2405 du
1062 2346 1203 2422 geroiilbte
1216 2347 1288 2407 Fel-

120 2480 125 2495 =
214 2448 363 2524 centollo,
393 2448 442 2509 die
463 2448 504 2507 da
525 2453 582 2507 mir
603 2447 748 2523 Killaluag
768 2446 832 2507 arrd
854 2448 981 2523 Wiirpre
997 2447 1158 2523 geearitlrst,
1180 2472 1212 2509 so
1232 2450 1290 2509 soll

214 2550 263 2614 iola
283 2552 397 2612 Amor
425 2549 492 2611 ‹liclr
514 2550 591 2610 dam
611 2557 660 2610 aio
680 2551 827 2609 vcrlussea
847 2548 912 2608 und
930 2548 1017 2609 solbet
1037 2554 1077 2608 ira
1102 2550 1186 2610 Tude
1206 2553 1289 2612 sollst

215 2654 258 2714 du
278 2652 344 2715 dict
365 2657 417 2713 mit
437 2658 495 2712 mir
514 2657 705 2729 vereinigea?
730 2651 782 2710 W
776 2649 835 2724 ode,
858 2649 953 2710 coede!
966 2684 1008 2696 -
1030 2652 1085 2710 Da
1109 2653 1220 2733 Grotte,
1238 2653 1289 2714 clia

214 2755 262 2817 iola
280 2754 492 2838 aaaroflriirliclr
511 2760 563 2814 mit
585 2759 697 2814 anciaco
709 2753 829 2828 Klagert
840 2753 938 2835 stille,
962 2777 1022 2813 rores
1042 2752 1120 2814 coire]
1132 2779 1194 2816 nura
1209 2762 1288 2817 mein

216 2855 356 2933 tiiglicltes
370 2854 469 2916 Brodt
489 2861 574 2916 sein?
600 2855 714 2917 Wrdm
735 2854 783 2914 die
798 2855 974 2938 Hoffuuag,
996 2861 1054 2915 mir
1069 2857 1186 2916 Aratea
1201 2857 1289 2921 Nulo·
1311 2914 1315 2920 .

215 2981 295 3036 mag
315 2981 355 3019 zo
375 2956 584 3043 versclutffea?
621 2959 723 3019 Solleo
743 2957 818 3019 mich
839 2957 916 3018 dorm
935 2957 983 3017 dic
1008 2957 1040 3016 V
1039 2960 1105 3035 'o‘gel
1123 2957 1197 3019 noch
1216 2984 1288 3022 suo·

214 3060 289 3122 send
309 3058 402 3122 dar-cli
423 3060 480 3122 den
498 3058 615 3121 Aether
633 3058 872 3146 dinouftrugert?
902 3059 958 3122 ch
987 3059 1079 3121 wedre
1099 3059 1186 3122 a'ltaeu
1206 3061 1288 3126 uiolet

187 3229 191 3235 ,
216 3162 308 3226 mede.

696 3338 725 3414 s.
749 3343 801 3398 29.

300 3471 415 3534 Versus
434 3475 620 3535 1235-44
646 3474 680 3532 ab
709 3474 908 3548 interpretibus
936 3471 1098 3533 mirabilem
1116 3476 1148 3533 in
1168 3475 1288 3536 modum

217 3578 293 3637 male
313 3577 449 3636 intellecti
469 3562 554 3650 atque
576 3575 702 3635 distracti
723 3586 797 3636 sunt.
841 3574 1021 3655 Quamquam
1042 3579 1091 3635 vix
1111 3578 1216 3636 clarior
1236 3579 1287 3639 lo-

217 3700 267 3738 cus
294 3680 458 3755 faciliorque
487 3670 608 3736 inieniri
631 3684 738 3752 potest.
786 3676 957 3738 Rectissime
985 3679 1052 3738 illos
1082 3680 1288 3741 distribuerunt

217 3776 387 3840 Schaelerus
417 3778 580 3839 Bruuckius
610 3791 640 3840 et
668 3778 839 3838 Wunderus
869 3783 900 3839 in
929 3764 1121 3840 recentissima
1148 3781 1286 3860 editione,

217 3884 272 3942 nisi
293 3881 369 3957 quod
388 3883 505 3942 ultimus
526 3904 640 3943 versum
666 3888 746 3942 1236
768 3884 830 3943 siue
851 3904 935 3942 causa
956 3885 991 3941 ab
1010 3886 1162 3959 interprete
1183 3887 1288 3964 agglu-

216 3984 335 4043 tinatum
357 4003 420 4043 esse
441 3995 548 4046 censet.
591 3983 689 4045 Series
710 3986 844 4043 orationis
865 3985 1014 4069 manifesto
1035 3984 1105 4045 liaeo
1126 3997 1185 4046 ost:

302 4117 422 4197 Ulyssis
442 4123 567 4197 monito,
589 4143 626 4181 au
643 4142 701 4180 nou
721 4123 877 4180 exereitum
898 4117 1074 4198 Argivorum
1093 4132 1201 4182 metuat
1216 4121 1289 4184 Phi-

205 4221 338 4301 ,paene
359 4242 456 4288 arcum
475 4227 647 4301 restituens,
667 4223 784 4301 opponit
804 4220 1027 4301 Neoptolemus

75 4248 253 4411 ⁴at'sr
