<?xml version="1.0" encoding="UTF-8"?>
<!DOCTYPE html PUBLIC "-//W3C//DTD XHTML 1.0 Transitional//EN"
    "http://www.w3.org/TR/xhtml1/DTD/xhtml1-transitional.dtd">
<html xmlns="http://www.w3.org/1999/xhtml" xml:lang="en" lang="en">
 <head>
  <title>
</title>
<meta http-equiv="Content-Type" content="text/html;charset=utf-8" />
  <meta name='ocr-system' content='tesseract 3.04.00' />
  <meta name='ocr-capabilities' content='ocr_page ocr_carea ocr_par ocr_line ocrx_word'/>
</head>
<body>
  <div class='ocr_page' id='page_1' title='image "./quaestionessoph00mattgoog_0112.png"; bbox 0 0 2678 4816; ppageno 0'>
   <div class='ocr_carea' id='block_1_1' title="bbox 389 329 1168 439">
    <p class='ocr_par' dir='ltr' id='par_1_1' title="bbox 389 329 1168 439">
     <span class='ocr_line' id='line_1_1' title="bbox 389 329 1168 439; baseline 0.01 -8"><span class='ocrx_word' id='word_1_1' title='bbox 389 329 856 435; x_wconf 76' lang='lat' dir='ltr'><strong>rmacururan.</strong></span> <span class='ocrx_word' id='word_1_2' title='bbox 1123 372 1168 439; x_wconf 81' lang='lat' dir='ltr'><strong>ar</strong></span> 
     </span>
    </p>
   </div>
   <div class='ocr_carea' id='block_1_2' title="bbox 83 557 1167 1066">
    <p class='ocr_par' dir='ltr' id='par_1_2' title="bbox 83 557 1167 844">
     <span class='ocr_line' id='line_1_2' title="bbox 84 557 1167 640; baseline 0.001 -17"><span class='ocrx_word' id='word_1_3' title='bbox 84 559 180 637; x_wconf 81' lang='lat' dir='ltr'><strong>Atqui</strong></span> <span class='ocrx_word' id='word_1_4' title='bbox 199 582 268 621; x_wconf 88' lang='lat' dir='ltr'><strong>sane</strong></span> <span class='ocrx_word' id='word_1_5' title='bbox 289 561 395 620; x_wconf 87' lang='lat' dir='ltr'><strong>misera</strong></span> <span class='ocrx_word' id='word_1_6' title='bbox 413 569 474 620; x_wconf 88' lang='lat' dir='ltr'><strong>erat</strong></span> <span class='ocrx_word' id='word_1_7' title='bbox 487 557 630 620; x_wconf 85' lang='lat' dir='ltr'><strong>Deianira</strong></span> <span class='ocrx_word' id='word_1_8' title='bbox 650 558 706 620; x_wconf 87' lang='lat' dir='ltr'><strong>hac</strong></span> <span class='ocrx_word' id='word_1_9' title='bbox 726 561 758 620; x_wconf 89' lang='lat' dir='ltr'><strong>in</strong></span> <span class='ocrx_word' id='word_1_10' title='bbox 777 582 822 638; x_wconf 88' lang='lat' dir='ltr'><strong>re,</strong></span> <span class='ocrx_word' id='word_1_11' title='bbox 845 561 925 637; x_wconf 93' lang='lat' dir='ltr'><strong>quod</strong></span> <span class='ocrx_word' id='word_1_12' title='bbox 945 564 1071 640; x_wconf 80' lang='lat' dir='ltr'><strong>puellam</strong></span> <span class='ocrx_word' id='word_1_13' title='bbox 1089 564 1167 624; x_wconf 89' lang='lat' dir='ltr'><strong>domi</strong></span> 
     </span>
     <span class='ocr_line' id='line_1_3' title="bbox 83 659 1166 749; baseline 0.002 -25"><span class='ocrx_word' id='word_1_14' title='bbox 83 675 237 740; x_wconf 75' lang='lat' dir='ltr'><strong>exceperat</strong></span> <span class='ocrx_word' id='word_1_15' title='bbox 258 663 419 722; x_wconf 88' lang='lat' dir='ltr'><strong>adamatam</strong></span> <span class='ocrx_word' id='word_1_16' title='bbox 439 661 475 721; x_wconf 88' lang='lat' dir='ltr'><strong>ab</strong></span> <span class='ocrx_word' id='word_1_17' title='bbox 495 659 639 749; x_wconf 55' lang='lat' dir='ltr'><strong>Hercule.</strong></span> <span class='ocrx_word' id='word_1_18' title='bbox 691 660 794 739; x_wconf 89' lang='lat' dir='ltr'><strong>Itaque</strong></span> <span class='ocrx_word' id='word_1_19' title='bbox 821 664 888 724; x_wconf 88' lang='lat' dir='ltr'><strong>luce</strong></span> <span class='ocrx_word' id='word_1_20' title='bbox 909 674 956 725; x_wconf 83' lang='lat' dir='ltr'><strong>est</strong></span> <span class='ocrx_word' id='word_1_21' title='bbox 977 665 1082 726; x_wconf 86' lang='lat' dir='ltr'><strong>clarius</strong></span> <span class='ocrx_word' id='word_1_22' title='bbox 1102 667 1166 726; x_wconf 79' lang='lat' dir='ltr'><strong>irm-</strong></span> 
     </span>
     <span class='ocr_line' id='line_1_4' title="bbox 83 769 283 844; baseline -0.01 -18"><span class='ocrx_word' id='word_1_23' title='bbox 83 769 177 844; x_wconf 75' lang='lat' dir='ltr'><strong>genda</strong></span> <span class='ocrx_word' id='word_1_24' title='bbox 200 787 283 827; x_wconf 82' lang='lat' dir='ltr'><strong>esse:</strong></span> 
     </span>
    </p>

    <p class='ocr_par' dir='ltr' id='par_1_3' title="bbox 248 873 868 966">
     <span class='ocr_line' id='line_1_5' title="bbox 248 873 868 966; baseline 0.002 -23"><span class='ocrx_word' id='word_1_25' title='bbox 248 877 310 944; x_wconf 73' lang='grc' dir='ltr'><strong>τίν’</strong></span> <span class='ocrx_word' id='word_1_26' title='bbox 334 877 520 963; x_wconf 73' lang='grc' dir='ltr'><em>εἶςὸἕδεμμαι</em></span> <span class='ocrx_word' id='word_1_27' title='bbox 543 876 682 962; x_wconf 78' lang='grc' dir='ltr'><em>πημονὴν</em></span> <span class='ocrx_word' id='word_1_28' title='bbox 702 873 868 966; x_wconf 75' lang='grc' dir='ltr'><em>ὖπόστεγον</em></span> 
     </span>
    </p>

    <p class='ocr_par' dir='ltr' id='par_1_4' title="bbox 246 971 652 1066">
     <span class='ocr_line' id='line_1_6' title="bbox 246 971 652 1066; baseline 0 -21"><span class='ocrx_word' id='word_1_29' title='bbox 246 987 417 1066; x_wconf 74' lang='grc' dir='ltr'><strong><em>λαθραῖον,</em></strong></span> <span class='ocrx_word' id='word_1_30' title='bbox 441 971 466 1046; x_wconf 79' lang='grc' dir='ltr'><strong><em>ὦ</em></strong></span> <span class='ocrx_word' id='word_1_31' title='bbox 489 977 652 1065; x_wconf 58' lang='lat' dir='ltr'><strong>drimano,-</strong></span> 
     </span>
    </p>
   </div>
   <div class='ocr_carea' id='block_1_3' title="bbox 12 1108 1165 3287">
    <p class='ocr_par' dir='ltr' id='par_1_5' title="bbox 12 1108 1165 3287">
     <span class='ocr_line' id='line_1_7' title="bbox 83 1108 1165 1206; baseline 0.004 -25"><span class='ocrx_word' id='word_1_32' title='bbox 83 1119 145 1184; x_wconf 87' lang='lat' dir='ltr'><strong>Sed</strong></span> <span class='ocrx_word' id='word_1_33' title='bbox 165 1144 201 1182; x_wconf 88' lang='lat' dir='ltr'><strong>ne</strong></span> <span class='ocrx_word' id='word_1_34' title='bbox 222 1122 298 1181; x_wconf 92' lang='lat' dir='ltr'><strong>illud</strong></span> <span class='ocrx_word' id='word_1_35' title='bbox 320 1120 436 1197; x_wconf 89' lang='lat' dir='ltr'><strong>quidem</strong></span> <span class='ocrx_word' id='word_1_36' title='bbox 457 1120 638 1200; x_wconf 81' lang='lat' dir='ltr'><strong>crediderim,</strong></span> <span class='ocrx_word' id='word_1_37' title='bbox 657 1123 754 1185; x_wconf 76' lang='lat' dir='ltr'><strong>verbis</strong></span> <span class='ocrx_word' id='word_1_38' title='bbox 780 1108 835 1205; x_wconf 71' lang='grc' dir='ltr'><strong>ἆρ’</strong></span> <span class='ocrx_word' id='word_1_39' title='bbox 857 1115 1017 1200; x_wconf 79' lang='grc' dir='ltr'><em>ἀνώνυμος</em></span> <span class='ocrx_word' id='word_1_40' title='bbox 1032 1116 1165 1206; x_wconf 65' lang='grc' dir='ltr'><em>πέφυκεν</em></span> 
     </span>
     <span class='ocr_line' id='line_1_8' title="bbox 81 1220 1163 1304; baseline 0.003 -18"><span class='ocrx_word' id='word_1_41' title='bbox 81 1227 304 1304; x_wconf 78' lang='lat' dir='ltr'><strong>indignationem</strong></span> <span class='ocrx_word' id='word_1_42' title='bbox 324 1225 410 1283; x_wconf 90' lang='lat' dir='ltr'><strong>istam</strong></span> <span class='ocrx_word' id='word_1_43' title='bbox 430 1220 586 1282; x_wconf 82' lang='lat' dir='ltr'><strong>Deianirae</strong></span> <span class='ocrx_word' id='word_1_44' title='bbox 606 1223 747 1302; x_wconf 82' lang='lat' dir='ltr'><strong>exprimi,</strong></span> <span class='ocrx_word' id='word_1_45' title='bbox 777 1247 861 1300; x_wconf 90' lang='lat' dir='ltr'><strong>quam</strong></span> <span class='ocrx_word' id='word_1_46' title='bbox 883 1227 947 1285; x_wconf 88' lang='lat' dir='ltr'><strong>vult</strong></span> <span class='ocrx_word' id='word_1_47' title='bbox 968 1225 1163 1289; x_wconf 84' lang='lat' dir='ltr'><strong>Hermanuus.</strong></span> 
     </span>
     <span class='ocr_line' id='line_1_9' title="bbox 80 1325 1163 1404; baseline 0.001 -15"><span class='ocrx_word' id='word_1_48' title='bbox 80 1326 182 1404; x_wconf 85' lang='lat' dir='ltr'><strong>Neque</strong></span> <span class='ocrx_word' id='word_1_49' title='bbox 205 1330 291 1387; x_wconf 89' lang='lat' dir='ltr'><strong>etiam</strong></span> <span class='ocrx_word' id='word_1_50' title='bbox 312 1335 529 1384; x_wconf 84' lang='lat' dir='ltr'><strong>consentaneum</strong></span> <span class='ocrx_word' id='word_1_51' title='bbox 551 1335 595 1384; x_wconf 89' lang='lat' dir='ltr'><strong>est</strong></span> <span class='ocrx_word' id='word_1_52' title='bbox 609 1325 776 1386; x_wconf 84' lang='lat' dir='ltr'><strong>Deianiram</strong></span> <span class='ocrx_word' id='word_1_53' title='bbox 798 1328 834 1387; x_wconf 91' lang='lat' dir='ltr'><strong>de</strong></span> <span class='ocrx_word' id='word_1_54' title='bbox 857 1329 1016 1388; x_wconf 76' lang='lat' dir='ltr'><strong>calamitate</strong></span> <span class='ocrx_word' id='word_1_55' title='bbox 1038 1352 1092 1390; x_wconf 89' lang='lat' dir='ltr'><strong>sua</strong></span> <span class='ocrx_word' id='word_1_56' title='bbox 1115 1352 1163 1390; x_wconf 87' lang='lat' dir='ltr'><strong>re·</strong></span> 
     </span>
     <span class='ocr_line' id='line_1_10' title="bbox 79 1425 1164 1508; baseline 0.002 -18"><span class='ocrx_word' id='word_1_57' title='bbox 79 1441 166 1508; x_wconf 92' lang='lat' dir='ltr'><strong>pente</strong></span> <span class='ocrx_word' id='word_1_58' title='bbox 204 1432 354 1489; x_wconf 83' lang='lat' dir='ltr'><strong>certiorem</strong></span> <span class='ocrx_word' id='word_1_59' title='bbox 390 1429 494 1486; x_wconf 89' lang='lat' dir='ltr'><strong>factam</strong></span> <span class='ocrx_word' id='word_1_60' title='bbox 525 1427 560 1486; x_wconf 89' lang='lat' dir='ltr'><strong>de</strong></span> <span class='ocrx_word' id='word_1_61' title='bbox 591 1425 684 1487; x_wconf 83' lang='lat' dir='ltr'><strong>Licha</strong></span> <span class='ocrx_word' id='word_1_62' title='bbox 722 1431 820 1504; x_wconf 90' lang='lat' dir='ltr'><strong>potius</strong></span> <span class='ocrx_word' id='word_1_63' title='bbox 849 1432 1037 1507; x_wconf 81' lang='lat' dir='ltr'><strong>cogitavisse,</strong></span> <span class='ocrx_word' id='word_1_64' title='bbox 1078 1454 1164 1508; x_wconf 91' lang='lat' dir='ltr'><strong>quam</strong></span> 
     </span>
     <span class='ocr_line' id='line_1_11' title="bbox 80 1530 1162 1610; baseline 0 -17"><span class='ocrx_word' id='word_1_65' title='bbox 80 1545 131 1594; x_wconf 92' lang='lat' dir='ltr'><strong>aut</strong></span> <span class='ocrx_word' id='word_1_66' title='bbox 152 1533 187 1592; x_wconf 92' lang='lat' dir='ltr'><strong>de</strong></span> <span class='ocrx_word' id='word_1_67' title='bbox 209 1554 241 1592; x_wconf 90' lang='lat' dir='ltr'><strong>se</strong></span> <span class='ocrx_word' id='word_1_68' title='bbox 263 1541 312 1591; x_wconf 90' lang='lat' dir='ltr'><strong>aut</strong></span> <span class='ocrx_word' id='word_1_69' title='bbox 334 1530 370 1589; x_wconf 91' lang='lat' dir='ltr'><strong>de</strong></span> <span class='ocrx_word' id='word_1_70' title='bbox 392 1550 442 1604; x_wconf 86' lang='lat' dir='ltr'><strong>ea,</strong></span> <span class='ocrx_word' id='word_1_71' title='bbox 473 1541 546 1604; x_wconf 84' lang='lat' dir='ltr'><strong>quae</strong></span> <span class='ocrx_word' id='word_1_72' title='bbox 568 1550 651 1589; x_wconf 91' lang='lat' dir='ltr'><strong>causa</strong></span> <span class='ocrx_word' id='word_1_73' title='bbox 671 1533 757 1590; x_wconf 88' lang='lat' dir='ltr'><strong>totius</strong></span> <span class='ocrx_word' id='word_1_74' title='bbox 778 1533 847 1590; x_wconf 91' lang='lat' dir='ltr'><strong>mali</strong></span> <span class='ocrx_word' id='word_1_75' title='bbox 869 1543 948 1610; x_wconf 90' lang='lat' dir='ltr'><strong>erat,</strong></span> <span class='ocrx_word' id='word_1_76' title='bbox 980 1531 1053 1593; x_wconf 91' lang='lat' dir='ltr'><strong>Iola.</strong></span> <span class='ocrx_word' id='word_1_77' title='bbox 1099 1532 1162 1594; x_wconf 87' lang='lat' dir='ltr'><strong>Sed</strong></span> 
     </span>
     <span class='ocr_line' id='line_1_12' title="bbox 80 1632 1161 1711; baseline -0.001 -15"><span class='ocrx_word' id='word_1_78' title='bbox 80 1646 124 1696; x_wconf 85' lang='lat' dir='ltr'><strong>est</strong></span> <span class='ocrx_word' id='word_1_79' title='bbox 145 1636 195 1694; x_wconf 94' lang='lat' dir='ltr'><strong>illa</strong></span> <span class='ocrx_word' id='word_1_80' title='bbox 215 1655 294 1693; x_wconf 89' lang='lat' dir='ltr'><strong>mera</strong></span> <span class='ocrx_word' id='word_1_81' title='bbox 313 1644 342 1693; x_wconf 89' lang='lat' dir='ltr'><strong>et</strong></span> <span class='ocrx_word' id='word_1_82' title='bbox 362 1632 487 1707; x_wconf 84' lang='lat' dir='ltr'><strong>simplex</strong></span> <span class='ocrx_word' id='word_1_83' title='bbox 508 1634 710 1710; x_wconf 80' lang='lat' dir='ltr'><strong>interrogatio:</strong></span> <span class='ocrx_word' id='word_1_84' title='bbox 742 1637 824 1705; x_wconf 71' lang='lat' dir='ltr'><strong>itanc</strong></span> <span class='ocrx_word' id='word_1_85' title='bbox 844 1638 947 1711; x_wconf 78' lang='lat' dir='ltr'><strong>ignota</strong></span> <span class='ocrx_word' id='word_1_86' title='bbox 975 1642 1038 1696; x_wconf 81' lang='lat' dir='ltr'><strong>est?</strong></span> <span class='ocrx_word' id='word_1_87' title='bbox 1070 1633 1161 1695; x_wconf 90' lang='lat' dir='ltr'><strong>Zelo-</strong></span> 
     </span>
     <span class='ocr_line' id='line_1_13' title="bbox 79 1736 1162 1816; baseline 0.004 -20"><span class='ocrx_word' id='word_1_88' title='bbox 79 1741 159 1816; x_wconf 82' lang='lat' dir='ltr'><strong>typis</strong></span> <span class='ocrx_word' id='word_1_89' title='bbox 184 1758 268 1796; x_wconf 90' lang='lat' dir='ltr'><strong>nemo</strong></span> <span class='ocrx_word' id='word_1_90' title='bbox 297 1738 390 1812; x_wconf 80' lang='lat' dir='ltr'><strong>magis</strong></span> <span class='ocrx_word' id='word_1_91' title='bbox 416 1736 534 1794; x_wconf 88' lang='lat' dir='ltr'><strong>minima</strong></span> <span class='ocrx_word' id='word_1_92' title='bbox 563 1757 692 1811; x_wconf 91' lang='lat' dir='ltr'><strong>quaeque</strong></span> <span class='ocrx_word' id='word_1_93' title='bbox 723 1737 895 1811; x_wconf 84' lang='lat' dir='ltr'><strong>exquirendi</strong></span> <span class='ocrx_word' id='word_1_94' title='bbox 914 1739 1053 1816; x_wconf 83' lang='lat' dir='ltr'><strong>cupidus3</strong></span> <span class='ocrx_word' id='word_1_95' title='bbox 1085 1748 1114 1799; x_wconf 88' lang='lat' dir='ltr'><strong>et</strong></span> <span class='ocrx_word' id='word_1_96' title='bbox 1135 1742 1162 1800; x_wconf 86' lang='lat' dir='ltr'><strong>ai</strong></span> 
     </span>
     <span class='ocr_line' id='line_1_14' title="bbox 12 1835 1161 1917; baseline 0.003 -17"><span class='ocrx_word' id='word_1_97' title='bbox 12 1836 17 1845; x_wconf 78' lang='lat'>&#39;</span> <span class='ocrx_word' id='word_1_98' title='bbox 78 1840 218 1900; x_wconf 83' lang='lat' dir='ltr'><strong>Deianira</strong></span> <span class='ocrx_word' id='word_1_99' title='bbox 239 1841 297 1897; x_wconf 91' lang='lat' dir='ltr'><strong>iam</strong></span> <span class='ocrx_word' id='word_1_100' title='bbox 320 1848 402 1912; x_wconf 82' lang='lat' dir='ltr'><strong>ante,</strong></span> <span class='ocrx_word' id='word_1_101' title='bbox 434 1857 518 1911; x_wconf 90' lang='lat' dir='ltr'><strong>quam</strong></span> <span class='ocrx_word' id='word_1_102' title='bbox 541 1841 719 1914; x_wconf 78' lang='lat' dir='ltr'><strong>cognovisset</strong></span> <span class='ocrx_word' id='word_1_103' title='bbox 740 1835 850 1917; x_wconf 89' lang='lat' dir='ltr'><strong>lolam,</strong></span> <span class='ocrx_word' id='word_1_104' title='bbox 881 1850 911 1899; x_wconf 90' lang='lat' dir='ltr'><strong>et</strong></span> <span class='ocrx_word' id='word_1_105' title='bbox 931 1861 970 1900; x_wconf 85' lang='lat' dir='ltr'><strong>ex</strong></span> <span class='ocrx_word' id='word_1_106' title='bbox 987 1842 1051 1916; x_wconf 85' lang='lat' dir='ltr'><strong>ipsa</strong></span> <span class='ocrx_word' id='word_1_107' title='bbox 1071 1851 1102 1900; x_wconf 93' lang='lat' dir='ltr'><strong>et</strong></span> <span class='ocrx_word' id='word_1_108' title='bbox 1122 1862 1161 1905; x_wconf 87' lang='lat' dir='ltr'><strong>ex</strong></span> 
     </span>
     <span class='ocr_line' id='line_1_15' title="bbox 77 1940 1159 2018; baseline 0.001 -15"><span class='ocrx_word' id='word_1_109' title='bbox 77 1942 171 2004; x_wconf 90' lang='lat' dir='ltr'><strong>Licha</strong></span> <span class='ocrx_word' id='word_1_110' title='bbox 199 1962 302 2001; x_wconf 89' lang='lat' dir='ltr'><strong>nomen</strong></span> <span class='ocrx_word' id='word_1_111' title='bbox 332 1942 395 2000; x_wconf 90' lang='lat' dir='ltr'><strong>eius</strong></span> <span class='ocrx_word' id='word_1_112' title='bbox 423 1940 619 2016; x_wconf 80' lang='lat' dir='ltr'><strong>quaesiverat,</strong></span> <span class='ocrx_word' id='word_1_113' title='bbox 657 1941 841 2000; x_wconf 83' lang='lat' dir='ltr'><strong>manilestum</strong></span> <span class='ocrx_word' id='word_1_114' title='bbox 868 1951 931 2018; x_wconf 88' lang='lat' dir='ltr'><strong>est,</strong></span> <span class='ocrx_word' id='word_1_115' title='bbox 962 1952 1068 2018; x_wconf 90' lang='lat' dir='ltr'><strong>quanto</strong></span> <span class='ocrx_word' id='word_1_116' title='bbox 1098 1964 1159 2005; x_wconf 87' lang='lat' dir='ltr'><strong>ma-</strong></span> 
     </span>
     <span class='ocr_line' id='line_1_16' title="bbox 76 2043 1158 2118; baseline 0 -13"><span class='ocrx_word' id='word_1_117' title='bbox 76 2049 139 2106; x_wconf 91' lang='lat' dir='ltr'><strong>iore</strong></span> <span class='ocrx_word' id='word_1_118' title='bbox 162 2066 225 2105; x_wconf 79' lang='lat' dir='ltr'><strong>carm</strong></span> <span class='ocrx_word' id='word_1_119' title='bbox 247 2043 340 2103; x_wconf 91' lang='lat' dir='ltr'><strong>studio</strong></span> <span class='ocrx_word' id='word_1_120' title='bbox 361 2063 436 2100; x_wconf 82' lang='lat' dir='ltr'><strong>nrmc</strong></span> <span class='ocrx_word' id='word_1_121' title='bbox 458 2044 640 2116; x_wconf 88' lang='lat' dir='ltr'><strong>aucupaverit</strong></span> <span class='ocrx_word' id='word_1_122' title='bbox 662 2043 753 2118; x_wconf 90' lang='lat' dir='ltr'><strong>illud,</strong></span> <span class='ocrx_word' id='word_1_123' title='bbox 774 2053 927 2118; x_wconf 89' lang='lat' dir='ltr'><strong>postquam</strong></span> <span class='ocrx_word' id='word_1_124' title='bbox 945 2044 1065 2104; x_wconf 90' lang='lat' dir='ltr'><strong>eandem</strong></span> <span class='ocrx_word' id='word_1_125' title='bbox 1079 2066 1158 2105; x_wconf 89' lang='lat' dir='ltr'><strong>ama-</strong></span> 
     </span>
     <span class='ocr_line' id='line_1_17' title="bbox 76 2126 1159 2223; baseline 0.002 -16"><span class='ocrx_word' id='word_1_126' title='bbox 76 2159 137 2217; x_wconf 72' lang='lat' dir='ltr'><strong>tam</strong></span> <span class='ocrx_word' id='word_1_127' title='bbox 167 2168 232 2207; x_wconf 84' lang='lat' dir='ltr'><strong>esse</strong></span> <span class='ocrx_word' id='word_1_128' title='bbox 262 2146 297 2205; x_wconf 88' lang='lat' dir='ltr'><strong>ab</strong></span> <span class='ocrx_word' id='word_1_129' title='bbox 325 2143 454 2204; x_wconf 87' lang='lat' dir='ltr'><strong>Hercule</strong></span> <span class='ocrx_word' id='word_1_130' title='bbox 475 2143 633 2213; x_wconf 81' lang='lat' dir='ltr'><strong>audiverit.</strong></span> <span class='ocrx_word' id='word_1_131' title='bbox 655 2177 657 2181; x_wconf 55' lang='lat'>&lt;</span> <span class='ocrx_word' id='word_1_132' title='bbox 681 2141 782 2219; x_wconf 88' lang='lat' dir='ltr'><strong>ltaque</strong></span> <span class='ocrx_word' id='word_1_133' title='bbox 809 2165 877 2204; x_wconf 88' lang='lat' dir='ltr'><strong>saue</strong></span> <span class='ocrx_word' id='word_1_134' title='bbox 909 2166 1012 2206; x_wconf 90' lang='lat' dir='ltr'><strong>nomeu</strong></span> <span class='ocrx_word' id='word_1_135' title='bbox 1044 2126 1159 2223; x_wconf 73' lang='lat' dir='ltr'><strong>puellae</strong></span> 
     </span>
     <span class='ocr_line' id='line_1_18' title="bbox 56 2234 1159 2324; baseline -0.004 -10"><span class='ocrx_word' id='word_1_136' title='bbox 56 2234 153 2314; x_wconf 75' lang='lat' dir='ltr'><strong>¹&#39;tteire</strong></span> <span class='ocrx_word' id='word_1_137' title='bbox 181 2251 259 2324; x_wconf 88' lang='lat' dir='ltr'><strong>cupit</strong></span> <span class='ocrx_word' id='word_1_138' title='bbox 285 2245 443 2321; x_wconf 82' lang='lat' dir='ltr'><strong>Deianira,</strong></span> <span class='ocrx_word' id='word_1_139' title='bbox 476 2247 523 2304; x_wconf 87' lang='lat' dir='ltr'><strong>cui</strong></span> <span class='ocrx_word' id='word_1_140' title='bbox 550 2247 609 2304; x_wconf 88' lang='lat' dir='ltr'><strong>iam</strong></span> <span class='ocrx_word' id='word_1_141' title='bbox 635 2247 756 2304; x_wconf 90' lang='lat' dir='ltr'><strong>nuncius</strong></span> <span class='ocrx_word' id='word_1_142' title='bbox 785 2247 953 2324; x_wconf 89' lang='lat' dir='ltr'><strong>respondet:</strong></span> <span class='ocrx_word' id='word_1_143' title='bbox 986 2253 1072 2310; x_wconf 83' lang='lat' dir='ltr'><strong>immo</strong></span> <span class='ocrx_word' id='word_1_144' title='bbox 1090 2273 1159 2311; x_wconf 84' lang='lat' dir='ltr'><strong>vero</strong></span> 
     </span>
     <span class='ocr_line' id='line_1_19' title="bbox 75 2345 1158 2437; baseline -0.001 -25"><span class='ocrx_word' id='word_1_145' title='bbox 75 2353 147 2412; x_wconf 79' lang='lat' dir='ltr'><strong>Iole</strong></span> <span class='ocrx_word' id='word_1_146' title='bbox 164 2355 317 2411; x_wconf 76' lang='lat' dir='ltr'><strong>nominata</strong></span> <span class='ocrx_word' id='word_1_147' title='bbox 336 2363 394 2423; x_wconf 79' lang='lat' dir='ltr'><strong>est,</strong></span> <span class='ocrx_word' id='word_1_148' title='bbox 424 2352 496 2427; x_wconf 79' lang='lat' dir='ltr'><strong>quia</strong></span> <span class='ocrx_word' id='word_1_149' title='bbox 516 2345 649 2423; x_wconf 75' lang='lat' dir='ltr'><strong>splendet</strong></span> <span class='ocrx_word' id='word_1_150' title='bbox 661 2348 772 2429; x_wconf 74' lang='lat' dir='ltr'><strong>foranu</strong></span> <span class='ocrx_word' id='word_1_151' title='bbox 793 2365 821 2410; x_wconf 78' lang='lat' dir='ltr'><strong>et</strong></span> <span class='ocrx_word' id='word_1_152' title='bbox 838 2373 957 2426; x_wconf 82' lang='lat' dir='ltr'><strong>genere.</strong></span> <span class='ocrx_word' id='word_1_153' title='bbox 1003 2345 1084 2437; x_wconf 67' lang='lat' dir='ltr'><strong>&#39;Idtp</strong></span> <span class='ocrx_word' id='word_1_154' title='bbox 1107 2353 1158 2412; x_wconf 92' lang='lat' dir='ltr'><strong>de·</strong></span> 
     </span>
     <span class='ocr_line' id='line_1_20' title="bbox 76 2447 1157 2528; baseline -0.003 -12"><span class='ocrx_word' id='word_1_155' title='bbox 76 2454 187 2516; x_wconf 79' lang='lat' dir='ltr'><strong>scendit</strong></span> <span class='ocrx_word' id='word_1_156' title='bbox 209 2454 244 2512; x_wconf 93' lang='lat' dir='ltr'><strong>ab</strong></span> <span class='ocrx_word' id='word_1_157' title='bbox 267 2447 314 2511; x_wconf 77' lang='grc' dir='ltr'><strong>ἴον</strong></span> <span class='ocrx_word' id='word_1_158' title='bbox 336 2461 437 2526; x_wconf 88' lang='lat' dir='ltr'><strong>estque</strong></span> <span class='ocrx_word' id='word_1_159' title='bbox 459 2448 630 2509; x_wconf 83' lang='lat' dir='ltr'><strong>Latinorum</strong></span> <span class='ocrx_word' id='word_1_160' title='bbox 657 2450 749 2510; x_wconf 80' lang='lat' dir='ltr'><strong>viola.</strong></span> <span class='ocrx_word' id='word_1_161' title='bbox 802 2449 946 2528; x_wconf 87' lang='lat' dir='ltr'><strong>Splendor</strong></span> <span class='ocrx_word' id='word_1_162' title='bbox 973 2463 1068 2513; x_wconf 84' lang='lat' dir='ltr'><strong>autem</strong></span> <span class='ocrx_word' id='word_1_163' title='bbox 1097 2455 1157 2515; x_wconf 84' lang='lat' dir='ltr'><strong>sor-</strong></span> 
     </span>
     <span class='ocr_line' id='line_1_21' title="bbox 74 2552 1157 2637; baseline -0.001 -20"><span class='ocrx_word' id='word_1_164' title='bbox 74 2579 140 2617; x_wconf 91' lang='lat' dir='ltr'><strong>mae</strong></span> <span class='ocrx_word' id='word_1_165' title='bbox 164 2567 192 2616; x_wconf 89' lang='lat' dir='ltr'><strong>et</strong></span> <span class='ocrx_word' id='word_1_166' title='bbox 213 2557 327 2632; x_wconf 80' lang='lat' dir='ltr'><strong>generis</strong></span> <span class='ocrx_word' id='word_1_167' title='bbox 348 2556 378 2612; x_wconf 91' lang='lat' dir='ltr'><strong>in</strong></span> <span class='ocrx_word' id='word_1_168' title='bbox 399 2574 484 2614; x_wconf 90' lang='lat' dir='ltr'><strong>causa</strong></span> <span class='ocrx_word' id='word_1_169' title='bbox 506 2562 570 2630; x_wconf 87' lang='lat' dir='ltr'><strong>est,</strong></span> <span class='ocrx_word' id='word_1_170' title='bbox 603 2573 653 2611; x_wconf 90' lang='lat' dir='ltr'><strong>cur</strong></span> <span class='ocrx_word' id='word_1_171' title='bbox 678 2552 748 2611; x_wconf 82' lang='lat' dir='ltr'><strong>Iola</strong></span> <span class='ocrx_word' id='word_1_172' title='bbox 768 2554 822 2613; x_wconf 90' lang='lat' dir='ltr'><strong>illa</strong></span> <span class='ocrx_word' id='word_1_173' title='bbox 845 2566 945 2615; x_wconf 87' lang='lat' dir='ltr'><strong>vocata</strong></span> <span class='ocrx_word' id='word_1_174' title='bbox 966 2558 1014 2615; x_wconf 89' lang='lat' dir='ltr'><strong>sit.</strong></span> <span class='ocrx_word' id='word_1_175' title='bbox 1069 2555 1157 2637; x_wconf 84' lang='lat' dir='ltr'><strong>Quod</strong></span> 
     </span>
     <span class='ocr_line' id='line_1_22' title="bbox 75 2655 1156 2735; baseline -0.001 -15"><span class='ocrx_word' id='word_1_176' title='bbox 75 2663 102 2721; x_wconf 90' lang='lat' dir='ltr'><strong>si</strong></span> <span class='ocrx_word' id='word_1_177' title='bbox 130 2658 251 2719; x_wconf 88' lang='lat' dir='ltr'><strong>vidisset</strong></span> <span class='ocrx_word' id='word_1_178' title='bbox 279 2655 500 2733; x_wconf 81' lang='lat' dir='ltr'><strong>Capellmannus</strong></span> <span class='ocrx_word' id='word_1_179' title='bbox 529 2665 559 2716; x_wconf 90' lang='lat' dir='ltr'><strong>et</strong></span> <span class='ocrx_word' id='word_1_180' title='bbox 578 2657 604 2714; x_wconf 90' lang='lat' dir='ltr'><strong>si</strong></span> <span class='ocrx_word' id='word_1_181' title='bbox 626 2655 835 2715; x_wconf 86' lang='lat' dir='ltr'><strong>considerasset</strong></span> <span class='ocrx_word' id='word_1_182' title='bbox 856 2659 1007 2735; x_wconf 84' lang='lat' dir='ltr'><strong>zelotypos</strong></span> <span class='ocrx_word' id='word_1_183' title='bbox 1029 2660 1156 2719; x_wconf 90' lang='lat' dir='ltr'><strong>omnium</strong></span> 
     </span>
     <span class='ocr_line' id='line_1_23' title="bbox 73 2758 1155 2846; baseline 0 -24"><span class='ocrx_word' id='word_1_184' title='bbox 73 2763 201 2822; x_wconf 85' lang='lat' dir='ltr'><strong>maxima</strong></span> <span class='ocrx_word' id='word_1_185' title='bbox 222 2780 340 2836; x_wconf 89' lang='lat' dir='ltr'><strong>cavere,</strong></span> <span class='ocrx_word' id='word_1_186' title='bbox 361 2779 398 2817; x_wconf 90' lang='lat' dir='ltr'><strong>ne</strong></span> <span class='ocrx_word' id='word_1_187' title='bbox 420 2759 456 2817; x_wconf 92' lang='lat' dir='ltr'><strong>de</strong></span> <span class='ocrx_word' id='word_1_188' title='bbox 477 2758 609 2816; x_wconf 89' lang='lat' dir='ltr'><strong>rivalium</strong></span> <span class='ocrx_word' id='word_1_189' title='bbox 629 2758 805 2846; x_wconf 84' lang='lat' dir='ltr'><strong>formositate</strong></span> <span class='ocrx_word' id='word_1_190' title='bbox 826 2760 995 2837; x_wconf 86' lang='lat' dir='ltr'><strong>loquantur,</strong></span> <span class='ocrx_word' id='word_1_191' title='bbox 1024 2783 1083 2823; x_wconf 87' lang='lat' dir='ltr'><strong>non</strong></span> <span class='ocrx_word' id='word_1_192' title='bbox 1104 2763 1155 2822; x_wconf 91' lang='lat' dir='ltr'><strong>tri-</strong></span> 
     </span>
     <span class='ocr_line' id='line_1_24' title="bbox 73 2858 784 2924; baseline -0.003 0"><span class='ocrx_word' id='word_1_193' title='bbox 73 2864 185 2924; x_wconf 85' lang='lat' dir='ltr'><strong>buisset</strong></span> <span class='ocrx_word' id='word_1_194' title='bbox 205 2883 321 2924; x_wconf 89' lang='lat' dir='ltr'><strong>versum</strong></span> <span class='ocrx_word' id='word_1_195' title='bbox 343 2866 405 2923; x_wconf 85' lang='grc'><strong>378</strong></span> <span class='ocrx_word' id='word_1_196' title='bbox 427 2860 584 2920; x_wconf 86' lang='lat' dir='ltr'><strong>Deianirae</strong></span> <span class='ocrx_word' id='word_1_197' title='bbox 604 2858 659 2919; x_wconf 91' lang='lat' dir='ltr'><strong>hoc</strong></span> <span class='ocrx_word' id='word_1_198' title='bbox 680 2862 784 2922; x_wconf 79' lang='lat' dir='ltr'><strong>modo:</strong></span> 
     </span>
     <span class='ocr_line' id='line_1_25' title="bbox 477 2983 953 3077; baseline 0.004 -20"><span class='ocrx_word' id='word_1_199' title='bbox 477 2983 502 3057; x_wconf 83' lang='grc' dir='ltr'><strong><em>ὦ</em></strong></span> <span class='ocrx_word' id='word_1_200' title='bbox 525 2988 688 3076; x_wconf 73' lang='grc' dir='ltr'><em>δύςτηνρς,</em></span> <span class='ocrx_word' id='word_1_201' title='bbox 710 2983 768 3077; x_wconf 77' lang='grc' dir='ltr'><strong>ἆρ’</strong></span> <span class='ocrx_word' id='word_1_202' title='bbox 792 2988 953 3075; x_wconf 78' lang='grc' dir='ltr'><em>ἀνώνυμος</em></span> 
     </span>
     <span class='ocr_line' id='line_1_26' title="bbox 244 3090 861 3181; baseline 0 -22"><span class='ocrx_word' id='word_1_203' title='bbox 244 3096 393 3181; x_wconf 71' lang='grc' dir='ltr'><em>πέφυκεν,</em></span> <span class='ocrx_word' id='word_1_204' title='bbox 416 3091 512 3180; x_wconf 79' lang='grc' dir='ltr'><strong><em>ὥςπερ</em></strong></span> <span class='ocrx_word' id='word_1_205' title='bbox 535 3090 676 3179; x_wconf 70' lang='lat' dir='ltr'><strong>dindyma</strong></span> <span class='ocrx_word' id='word_1_206' title='bbox 698 3091 861 3176; x_wconf 78' lang='grc' dir='ltr'><strong><em>διώμνυτο,</em></strong></span> 
     </span>
     <span class='ocr_line' id='line_1_27' title="bbox 242 3193 1012 3287; baseline 0.003 -26"><span class='ocrx_word' id='word_1_207' title='bbox 242 3194 262 3282; x_wconf 76' lang='grc' dir='ltr'><strong><em>ἡ</em></strong></span> <span class='ocrx_word' id='word_1_208' title='bbox 284 3194 383 3284; x_wconf 78' lang='grc' dir='ltr'><em>κάρτα</em></span> <span class='ocrx_word' id='word_1_209' title='bbox 407 3196 535 3284; x_wconf 79' lang='grc' dir='ltr'><em>λαμπρὰ</em></span> <span class='ocrx_word' id='word_1_210' title='bbox 556 3200 608 3262; x_wconf 82' lang='grc' dir='ltr'><strong>καὶ</strong></span> <span class='ocrx_word' id='word_1_211' title='bbox 627 3197 698 3263; x_wconf 79' lang='grc' dir='ltr'>κατ’</span> <span class='ocrx_word' id='word_1_212' title='bbox 721 3193 1012 3287; x_wconf 25' lang='grc' dir='ltr'><em>ὅμμαναὶιφῦσινς</em></span> 
     </span>
    </p>
   </div>
   <div class='ocr_carea' id='block_1_4' title="bbox 557 3375 661 3450">
    <p class='ocr_par' dir='ltr' id='par_1_6' title="bbox 557 3375 661 3450">
     <span class='ocr_line' id='line_1_28' title="bbox 557 3375 661 3450; baseline 0 -17"><span class='ocrx_word' id='word_1_213' title='bbox 557 3375 585 3450; x_wconf 70' lang='lat' dir='ltr'><strong>c.</strong></span> <span class='ocrx_word' id='word_1_214' title='bbox 610 3379 661 3435; x_wconf 83' lang='lat'><strong>18.</strong></span> 
     </span>
    </p>
   </div>
   <div class='ocr_carea' id='block_1_5' title="bbox 70 3505 1152 4339">
    <p class='ocr_par' dir='ltr' id='par_1_7' title="bbox 70 3505 1152 4339">
     <span class='ocr_line' id='line_1_29' title="bbox 158 3505 1152 3586; baseline -0.003 -17"><span class='ocrx_word' id='word_1_215' title='bbox 158 3507 201 3569; x_wconf 89' lang='lat' dir='ltr'><strong>V.</strong></span> <span class='ocrx_word' id='word_1_216' title='bbox 217 3511 278 3570; x_wconf 80' lang='lat'><strong>520</strong></span> <span class='ocrx_word' id='word_1_217' title='bbox 293 3531 357 3586; x_wconf 86' lang='lat' dir='ltr'><strong>sqq.</strong></span> <span class='ocrx_word' id='word_1_218' title='bbox 388 3505 501 3570; x_wconf 78' lang='lat' dir='ltr'><strong>Chorus</strong></span> <span class='ocrx_word' id='word_1_219' title='bbox 521 3531 647 3586; x_wconf 74' lang='lat' dir='ltr'><strong>pugnam</strong></span> <span class='ocrx_word' id='word_1_220' title='bbox 667 3529 824 3586; x_wconf 86' lang='lat' dir='ltr'><strong>exponens,</strong></span> <span class='ocrx_word' id='word_1_221' title='bbox 846 3529 933 3586; x_wconf 88' lang='lat' dir='ltr'><strong>quam</strong></span> <span class='ocrx_word' id='word_1_222' title='bbox 948 3517 1066 3585; x_wconf 89' lang='lat' dir='ltr'><strong>propter</strong></span> <span class='ocrx_word' id='word_1_223' title='bbox 1078 3507 1152 3568; x_wconf 88' lang='lat' dir='ltr'><strong>De&#39;i·</strong></span> 
     </span>
     <span class='ocr_line' id='line_1_30' title="bbox 70 3611 803 3674; baseline -0.004 -2"><span class='ocrx_word' id='word_1_224' title='bbox 70 3613 180 3672; x_wconf 86' lang='lat' dir='ltr'><strong>anlram</strong></span> <span class='ocrx_word' id='word_1_225' title='bbox 200 3612 343 3674; x_wconf 88' lang='lat' dir='ltr'><strong>Hercules</strong></span> <span class='ocrx_word' id='word_1_226' title='bbox 364 3622 394 3671; x_wconf 90' lang='lat' dir='ltr'><strong>et</strong></span> <span class='ocrx_word' id='word_1_227' title='bbox 413 3611 565 3672; x_wconf 92' lang='lat' dir='ltr'><strong>Achelous</strong></span> <span class='ocrx_word' id='word_1_228' title='bbox 587 3615 803 3674; x_wconf 87' lang='lat' dir='ltr'><strong>commiserant:</strong></span> 
     </span>
     <span class='ocr_line' id='line_1_31' title="bbox 296 3740 614 3830; baseline -0.003 -22"><span class='ocrx_word' id='word_1_229' title='bbox 296 3740 317 3808; x_wconf 75' lang='grc' dir='ltr'><strong><em>ἆ</em></strong></span> <span class='ocrx_word' id='word_1_230' title='bbox 339 3742 375 3808; x_wconf 83' lang='lat' dir='ltr'><strong>d&#39;</strong></span> <span class='ocrx_word' id='word_1_231' title='bbox 399 3743 509 3820; x_wconf 77' lang='grc' dir='ltr'><strong><em>εὖῶπις</em></strong></span> <span class='ocrx_word' id='word_1_232' title='bbox 530 3741 614 3830; x_wconf 73' lang='grc' dir='ltr'><strong>ἁβρὰ</strong></span> 
     </span>
     <span class='ocr_line' id='line_1_32' title="bbox 293 3844 646 3932; baseline -0.006 -21"><span class='ocrx_word' id='word_1_233' title='bbox 293 3851 441 3930; x_wconf 78' lang='grc' dir='ltr'><em>τηλαυγεΐ</em></span> <span class='ocrx_word' id='word_1_234' title='bbox 457 3844 535 3932; x_wconf 74' lang='grc' dir='ltr'><strong>παρ’</strong></span> <span class='ocrx_word' id='word_1_235' title='bbox 559 3844 646 3932; x_wconf 70' lang='grc' dir='ltr'><strong>ὄχθῳ</strong></span> 
     </span>
     <span class='ocr_line' id='line_1_33' title="bbox 293 3939 897 4035; baseline -0.002 -22"><span class='ocrx_word' id='word_1_236' title='bbox 293 3939 369 4031; x_wconf 69' lang='grc' dir='ltr'><em>ἧστο</em></span> <span class='ocrx_word' id='word_1_237' title='bbox 391 3949 444 4013; x_wconf 86' lang='grc' dir='ltr'><strong>τὸν</strong></span> <span class='ocrx_word' id='word_1_238' title='bbox 465 3946 500 4012; x_wconf 80' lang='grc' dir='ltr'><strong>ὃν</strong></span> <span class='ocrx_word' id='word_1_239' title='bbox 520 3947 724 4035; x_wconf 76' lang='grc' dir='ltr'><em>προςμὲνονσ’</em></span> <span class='ocrx_word' id='word_1_240' title='bbox 750 3944 897 4012; x_wconf 75' lang='grc' dir='ltr'><em>ἀκοίταν·</em></span> 
     </span>
     <span class='ocr_line' id='line_1_34' title="bbox 293 4046 830 4136; baseline -0.004 -20"><span class='ocrx_word' id='word_1_241' title='bbox 293 4052 351 4136; x_wconf 74' lang='grc' dir='ltr'><strong>ἐγὼ</strong></span> <span class='ocrx_word' id='word_1_242' title='bbox 374 4052 407 4115; x_wconf 79' lang='grc' dir='ltr'><strong>δὲ</strong></span> <span class='ocrx_word' id='word_1_243' title='bbox 429 4047 532 4136; x_wconf 77' lang='grc' dir='ltr'><em>μάτηρ</em></span> <span class='ocrx_word' id='word_1_244' title='bbox 553 4051 610 4131; x_wconf 76' lang='grc' dir='ltr'><strong>μὲν</strong></span> <span class='ocrx_word' id='word_1_245' title='bbox 632 4046 682 4114; x_wconf 81' lang='grc' dir='ltr'><strong>οἷα</strong></span> <span class='ocrx_word' id='word_1_246' title='bbox 705 4047 789 4136; x_wconf 53' lang='lat' dir='ltr'><strong>ppei&amp;</strong></span> <span class='ocrx_word' id='word_1_247' title='bbox 821 4073 830 4090; x_wconf 91' lang='lat'><strong>·</strong></span> 
     </span>
     <span class='ocr_line' id='line_1_35' title="bbox 295 4149 883 4240; baseline 0.002 -24"><span class='ocrx_word' id='word_1_248' title='bbox 295 4154 330 4219; x_wconf 83' lang='grc' dir='ltr'><strong>τὸ</strong></span> <span class='ocrx_word' id='word_1_249' title='bbox 354 4156 373 4217; x_wconf 87' lang='lat' dir='ltr'><strong>d</strong></span> <span class='ocrx_word' id='word_1_250' title='bbox 378 4154 388 4177; x_wconf 80' lang='lat'>²</span> <span class='ocrx_word' id='word_1_251' title='bbox 412 4153 630 4239; x_wconf 77' lang='grc' dir='ltr'><em>ἀμφινείκητον</em></span> <span class='ocrx_word' id='word_1_252' title='bbox 651 4149 738 4234; x_wconf 68' lang='grc' dir='ltr'><em>ὄμμα</em></span> <span class='ocrx_word' id='word_1_253' title='bbox 758 4149 883 4240; x_wconf 71' lang='grc' dir='ltr'><em>νύμφας</em></span> 
     </span>
     <span class='ocr_line' id='line_1_36' title="bbox 294 4255 573 4339; baseline 0 -19"><span class='ocrx_word' id='word_1_254' title='bbox 294 4255 408 4331; x_wconf 70' lang='grc' dir='ltr'><em>ἐλεινὸν</em></span> <span class='ocrx_word' id='word_1_255' title='bbox 429 4255 573 4339; x_wconf 79' lang='grc' dir='ltr'><em>ἀμμένει·</em></span> 
     </span>
    </p>
   </div>
   <div class='ocr_carea' id='block_1_6' title="bbox 0 0 1344 4816">
    <p class='ocr_par' dir='ltr' id='par_1_8' title="bbox 0 0 1344 4816">
     <span class='ocr_line' id='line_1_37' title="bbox 0 0 1344 4816; baseline 0 5"><span class='ocrx_word' id='word_1_256' title='bbox 0 0 1344 4816; x_wconf 95' lang='lat' dir='ltr'><strong> </strong></span> 
     </span>
    </p>
   </div>
  </div>
 </body>
</html>
