2678 4816
461 359 755 431 AlAXs
1089 365 1133 434 47

58 579 124 619 uem
145 559 359 618 exsecrationis
384 576 459 618 esso.
511 553 612 616 Restat
631 556 737 633 igitur,
758 564 791 613 ut
811 553 966 614 admixtum
988 557 1025 616 sit
1047 578 1134 619 exse·

58 662 179 721 crationi
197 662 370 719 vaticinium.
413 658 491 719 Nolo
512 660 666 732 inquirere,
689 677 774 732 qnam
794 659 833 717 sit
853 679 905 733 per
926 678 958 717 se
978 660 1045 718 talis
1066 682 1133 735 per·

57 764 159 822 mixtio
181 764 253 820 mira
274 781 307 820 ac
335 761 498 835 singularis.
538 757 614 818 Nam
634 769 664 818 et
691 761 865 834 exsecratio,
897 761 1021 820 maxime
1046 760 1132 822 buim

56 864 125 938 loci,
148 863 277 923 adiuncta
299 864 497 922 vaticinatione
516 860 721 920 incredibiliter
742 861 924 937 debilitatur,
947 872 976 922 et
996 866 1133 923 vaticina·

56 967 181 1040 tionem,
213 985 327 1040 aspersa
355 966 571 1038 exsecratione,
604 961 805 1021 difficillimum
836 975 880 1022 est
900 985 952 1038 pro
972 965 1024 1022 tali
1045 986 1134 1042 agno·

57 1087 149 1140 scere,
170 1068 212 1124 ita
230 1076 262 1124 nt
283 1065 414 1124 distincte
436 1075 521 1140 atque
542 1067 697 1140 composite
719 1085 853 1140 expressa
875 1078 974 1126 neutra
995 1071 1043 1129 sit.
1072 1067 1133 1130 Neo

56 1170 218 1229 vaticinatio
240 1169 419 1226 mirationem
439 1188 497 1225 nou
516 1167 604 1242 facit,
630 1169 656 1227 si
676 1168 750 1226 alios
770 1169 883 1226 fabulae
903 1170 983 1227 locos
1007 1182 1134 1230 contem·

58 1272 185 1346 plamur,
202 1271 251 1328 ubi
270 1267 350 1327 Aiax
371 1270 499 1326 inimicos
518 1289 586 1328 suos
608 1270 808 1328 malevolentia
830 1272 1028 1344 persequitur:
1057 1293 1135 1332 sem-

57 1393 111 1448 per
140 1392 197 1430 nou
224 1382 303 1430 vates
331 1380 375 1430 est
403 1392 502 1430 eornm
532 1372 718 1448 calamitatis,
749 1371 801 1430 sed
830 1373 867 1430 iis
896 1381 973 1446 optat
1001 1392 1064 1432 eam
1090 1385 1134 1434 at·

58 1494 115 1549 qvae
136 1483 277 1548 precatur,
299 1469 341 1532 V.
365 1471 400 1535 G.
424 1479 484 1534 365
496 1495 561 1548 sqq.
585 1480 643 1532 381
657 1493 720 1548 sqq.
762 1470 803 1531 Et
823 1492 890 1531 sane
916 1476 942 1531 si
968 1479 1133 1552 praesagie-

57 1577 109 1634 bat
128 1577 197 1634 illos
218 1573 369 1650 aliquando
389 1576 516 1652 graviter
536 1575 666 1649 punitum
686 1575 744 1649 iri,
765 1595 851 1650 aegre
880 1574 1050 1652 dispicitur,
1082 1598 1133 1638 cur

58 1677 173 1737 taudem
194 1679 233 1735 ita
254 1697 286 1736 se
305 1676 377 1737 diris
396 1676 568 1754 fatigaverit,
590 1677 704 1752 quibus,
727 1696 764 1735 ex
785 1698 841 1751 <pm
854 1673 974 1735 Atridas
995 1688 1024 1737 et
1042 1676 1133 1756 Ulys-

10 1790 123 1887 ’,ἐμω
143 1781 306 1838 interimere
326 1798 409 1839 secus
430 1778 582 1856 ceciderat,
603 1777 655 1837 hos
676 1779 815 1838 devovere
836 1799 891 1845 rron
903 1780 1016 1839 desinit.
1046 1778 1134 1860 Quod

10 1934 13 1943 .
70 1883 135 1939 'im
164 1882 271 1940 scimus
292 1880 419 1939 flaturum
448 1900 531 1959 esse,
568 1901 625 1939 uon
653 1892 716 1957 est,
749 1902 800 1940 cnr
830 1881 943 1940 assidue
973 1903 1132 1956 precemur.

10 1974 22 1989 ”
121 1985 188 2042 'ssia
209 1994 305 2043 antem
322 1982 368 2041 his
388 1981 463 2042 nibil
483 1993 529 2043 est
549 1982 670 2058 clarius,
699 2003 783 2057 qtram
812 2003 951 2042 summam
970 1982 1056 2045 huius
1074 1987 1132 2045 loci

58 2087 194 2145 virtutem
211 2085 407 2162 pessumdari,
430 2087 456 2143 si
471 2082 557 2143 Aiaci
574 2085 800 2143 vaticinationem
815 2087 998 2160 iniungimus.
1038 2086 1133 2167 Quam

58 2189 195 2247 virtutem
214 2186 337 2246 vidimus
359 2197 488 2246 constare
510 2208 561 2261 eo,
591 2186 668 2261 quod
687 2188 797 2244 anitnus
815 2188 897 2245 illius
926 2186 1057 2248 heroicus
1087 2192 1134 2249 ul·

59 2290 129 2347 tiana
149 2289 200 2348 illa
221 2289 419 2366 detestatione,
441 2310 528 2364 qurum
545 2310 582 2348 ue
602 2308 680 2348 mors
701 2288 814 2363 qtridem
832 2290 1000 2364 impendens
1014 2292 1132 2368 detinet,

58 2392 200 2451 altissimo
221 2393 251 2449 in
270 2391 362 2467 gradu
382 2390 546 2451 collocatur.
590 2388 634 2450 At
665 2391 741 2451 valet
761 2388 816 2449 boc
843 2399 952 2450 tantum
979 2394 1009 2451 in
1040 2395 1132 2469 ipsam

60 2494 297 2570 detestationem
320 2515 394 2569 quae
414 2495 505 2553 simrbi
525 2495 581 2552 alia
602 2495 734 2570 notione,
762 2503 796 2551 ut
815 2494 1037 2570 vaticinationis,
1067 2517 1134 2572 per·

60 2598 230 2671 mittentur,
251 2597 280 2655 in
301 2605 416 2671 promtu
437 2607 482 2655 est
504 2617 617 2656 omnem
635 2598 720 2655 istam
741 2597 875 2655 eximiam
897 2597 956 2656 viru
978 2597 1051 2657 tolli.
1094 2596 1135 2657 Et

59 2692 301 2775 qutia‘crediderit
321 2701 435 2773 politam
453 2698 515 2757 ludi
536 2720 620 2758 carisa
644 2698 748 2771 [ludus
773 2700 849 2757 enim
870 2708 947 2758 esset
967 2701 1058 2758 omnis
1082 2720 1133 2760 va·

61 2803 209 2870 ticinatio]
240 2802 376 2877 principis
407 2821 475 2859 snae
504 2821 641 2875 personae
662 2803 807 2877 ingerdam
835 2801 1015 2877 neglexisse,
1044 2803 1133 2880 quod,

61 2905 151 2963 misso
172 2902 264 2978 ludo,
294 2904 358 2961 erim
379 2913 495 2977 stupore
515 2903 637 2976 quodam
657 2904 824 2961 iutueamur.
868 2901 991 2963 Accedit
1012 2905 1134 2965 alterum

62 3003 142 3080 quid.
187 2999 222 3062 Si
237 3000 396 3079 Sophocles
408 3002 529 3063 Aiacem
544 3006 739 3063 vaticinantem
754 3005 831 3079 fecit,
849 3007 981 3079 permisit
996 3008 1050 3065 sibi
1066 3028 1135 3067 ana-

62 3104 269 3165 chronismum:
284 3127 349 3165 uam
362 3107 430 3166 feeit
445 3127 512 3165 eum
526 3109 733 3181 vaticinantem,
749 3105 824 3180 quod
837 3106 943 3165 sactum
956 3109 1013 3166 iam
1027 3108 1135 3168 dudum

62 3208 175 3267 luerat·
209 3206 270 3289 Qui
290 3209 520 3269 anachronismus
540 3229 593 3268 nos
615 3208 730 3284 quidem
750 3228 807 3266 nou
828 3210 868 3266 ita
880 3208 1007 3283 offendit,
1028 3212 1133 3286 quippe

64 3312 112 3385 qni
141 3304 332 3384 Sopbmleam
363 3315 465 3387 poesin
497 3321 527 3371 et
556 3309 784 3386 Agamemnonis
816 3306 979 3384 Ulissisqne
1013 3323 1135 3373 raonem

64 3422 179 3487 prepter
197 3415 314 3472 nimiam
334 3424 503 3473 vetustatem
524 3433 580 3472 non
600 3432 772 3488 magnopere
793 3412 1010 3491 distinguamus,
1032 3415 1083 3474 sed
1100 3416 1135 3475 fit

66 3532 115 3587 per
134 3513 236 3572 ludum
257 3517 450 3590 antiquitatis,
484 3524 516 3573 ut
536 3534 583 3575 res
603 3516 673 3572 istas
692 3515 776 3588 plane
797 3515 837 3573 ita
855 3514 1062 3593 imaginemur,
1093 3519 1136 3576 uti

68 3634 164 3675 revere
184 3636 249 3677 esse
269 3616 343 3676 sacta
364 3617 476 3677 debent.
518 3615 565 3677 At
584 3616 671 3692 longe
690 3616 776 3675 aliter
795 3636 911 3675 necesse
933 3626 977 3675 est
996 3618 1048 3677 ille
1067 3638 1137 3678 ana·

69 3714 240 3783 daronismus
261 3716 487 3778 Atheniensibus
505 3721 688 3795 apparuerit,
709 3738 804 3776 coram
824 3717 927 3792 qadbus
946 3719 1043 3778 fabula
1061 3717 1137 3779 Aia·

72 3818 110 3877 tit
128 3819 275 3897 edebatur,
297 3823 397 3894 etqui
417 3822 553 3878 nimirum
574 3818 627 3879 hoc
650 3823 743 3895 ipsum
762 3829 897 3893 punctum
927 3821 1064 3894 temporis
1092 3821 1138 3880 di·

52 3916 190 3997 ¹ligeuter
210 3922 405 3981 discernebant
424 3923 460 3981 ab
485 3942 537 3997 eo,
568 3923 619 3981 ubi
638 3919 762 3998 Ulysses
780 3930 810 3980 et
830 3919 1029 3998 Agamermmn
1049 3924 1140 3981 inter·

71 4018 135 4087 steti
155 4033 246 4083 erant.
290 4023 350 4103 Qui
372 4024 421 4082 ubi
448 4024 596 4083 natabula
624 4035 720 4082 nostra
748 4023 873 4084 docenda
893 4021 1015 4082 Aiacem
1043 4024 1140 4084 aradis-

92 4133 131 4183 ntt
149 4125 360 4200 praedicentem
388 4125 516 4204 eliquid,
554 4126 631 4204 quod
657 4144 747 4204 prope
774 4127 832 4184 iam
862 4126 1029 4202 octingentis
1056 4128 1139 4186 arinis
