<?xml version="1.0" encoding="UTF-8"?>
<!DOCTYPE html PUBLIC "-//W3C//DTD XHTML 1.0 Transitional//EN"
    "http://www.w3.org/TR/xhtml1/DTD/xhtml1-transitional.dtd">
<html xmlns="http://www.w3.org/1999/xhtml" xml:lang="en" lang="en">
 <head>
  <title>
</title>
<meta http-equiv="Content-Type" content="text/html;charset=utf-8" />
  <meta name='ocr-system' content='tesseract 3.04.00' />
  <meta name='ocr-capabilities' content='ocr_page ocr_carea ocr_par ocr_line ocrx_word'/>
</head>
<body>
  <div class='ocr_page' id='page_1' title='image "./quaestionessoph00mattgoog_0137.png"; bbox 0 0 2678 4816; ppageno 0'>
   <div class='ocr_carea' id='block_1_1' title="bbox 130 118 169 169">
    <p class='ocr_par' dir='ltr' id='par_1_1' title="bbox 130 118 169 169">
     <span class='ocr_line' id='line_1_1' title="bbox 130 118 169 169; baseline 0 -16"><span class='ocrx_word' id='word_1_1' title='bbox 130 118 169 169; x_wconf 59' lang='lat' dir='ltr'>„fl</span> 
     </span>
    </p>
   </div>
   <div class='ocr_carea' id='block_1_2' title="bbox 156 364 847 446">
    <p class='ocr_par' dir='ltr' id='par_1_2' title="bbox 156 364 847 446">
     <span class='ocr_line' id='line_1_2' title="bbox 156 364 847 446; baseline -0.016 -3"><span class='ocrx_word' id='word_1_2' title='bbox 156 364 223 446; x_wconf 62' lang='grc' dir='ltr'>ΙΙΙ</span> <span class='ocrx_word' id='word_1_3' title='bbox 532 364 847 440; x_wconf 70' lang='lat' dir='ltr'>saeuum.</span> 
     </span>
    </p>
   </div>
   <div class='ocr_carea' id='block_1_3' title="bbox 112 537 1266 3903">
    <p class='ocr_par' dir='ltr' id='par_1_3' title="bbox 112 537 1266 3889">
     <span class='ocr_line' id='line_1_3' title="bbox 154 537 1222 635; baseline -0.004 -12"><span class='ocrx_word' id='word_1_4' title='bbox 154 558 308 623; x_wconf 70' lang='lat' dir='ltr'><strong>solitudine</strong></span> <span class='ocrx_word' id='word_1_5' title='bbox 326 549 501 621; x_wconf 79' lang='lat' dir='ltr'>Philoctetae</span> <span class='ocrx_word' id='word_1_6' title='bbox 522 558 689 618; x_wconf 87' lang='lat' dir='ltr'>nominatim</span> <span class='ocrx_word' id='word_1_7' title='bbox 711 537 816 619; x_wconf 29' lang='lat' dir='ltr'>senno*</span> <span class='ocrx_word' id='word_1_8' title='bbox 828 568 883 619; x_wconf 86' lang='lat' dir='ltr'>est.</span> <span class='ocrx_word' id='word_1_9' title='bbox 924 556 966 619; x_wconf 84' lang='lat' dir='ltr'>Et</span> <span class='ocrx_word' id='word_1_10' title='bbox 980 558 1095 635; x_wconf 74' lang='lat' dir='ltr'>&lt;pridem</span> <span class='ocrx_word' id='word_1_11' title='bbox 1121 579 1222 619; x_wconf 86' lang='lat' dir='ltr'>earum</span> 
     </span>
     <span class='ocr_line' id='line_1_4' title="bbox 128 660 1221 743; baseline -0.004 -19"><span class='ocrx_word' id='word_1_12' title='bbox 128 736 134 743; x_wconf 38' lang='grc'><strong>,</strong></span> <span class='ocrx_word' id='word_1_13' title='bbox 154 663 369 734; x_wconf 86' lang='lat' dir='ltr'>sententiarum,</span> <span class='ocrx_word' id='word_1_14' title='bbox 400 662 502 735; x_wconf 74' lang='lat' dir='ltr'>quitus</span> <span class='ocrx_word' id='word_1_15' title='bbox 524 660 612 720; x_wconf 80' lang='lat' dir='ltr'>rerba</span> <span class='ocrx_word' id='word_1_16' title='bbox 636 661 687 720; x_wconf 89' lang='lat' dir='ltr'>illo</span> <span class='ocrx_word' id='word_1_17' title='bbox 709 663 841 720; x_wconf 85' lang='lat' dir='ltr'>concluso</span> <span class='ocrx_word' id='word_1_18' title='bbox 866 671 949 735; x_wconf 89' lang='lat' dir='ltr'>sunt,</span> <span class='ocrx_word' id='word_1_19' title='bbox 972 664 1050 737; x_wconf 89' lang='lat' dir='ltr'>prior</span> <span class='ocrx_word' id='word_1_20' title='bbox 1076 663 1221 735; x_wconf 83' lang='lat' dir='ltr'>universe,</span> 
     </span>
     <span class='ocr_line' id='line_1_5' title="bbox 152 742 1222 838; baseline -0.004 -14"><span class='ocrx_word' id='word_1_21' title='bbox 152 766 240 824; x_wconf 86' lang='lat' dir='ltr'>altem</span> <span class='ocrx_word' id='word_1_22' title='bbox 259 763 344 838; x_wconf 77' lang='lat' dir='ltr'>pardo</span> <span class='ocrx_word' id='word_1_23' title='bbox 370 764 526 821; x_wconf 76' lang='lat' dir='ltr'><strong>accuratius</strong></span> <span class='ocrx_word' id='word_1_24' title='bbox 550 764 581 820; x_wconf 87' lang='lat' dir='ltr'>in</span> <span class='ocrx_word' id='word_1_25' title='bbox 600 761 753 821; x_wconf 74' lang='lat' dir='ltr'>solitudine</span> <span class='ocrx_word' id='word_1_26' title='bbox 772 765 827 822; x_wconf 85' lang='lat' dir='ltr'>iste</span> <span class='ocrx_word' id='word_1_27' title='bbox 849 772 989 821; x_wconf 83' lang='lat' dir='ltr'>versatur.</span> <span class='ocrx_word' id='word_1_28' title='bbox 1032 742 1131 837; x_wconf 77' lang='lat' dir='ltr'>Itsrpre</span> <span class='ocrx_word' id='word_1_29' title='bbox 1153 765 1222 837; x_wconf 85' lang='lat' dir='ltr'>quis</span> 
     </span>
     <span class='ocr_line' id='line_1_6' title="bbox 156 861 1222 940; baseline -0.004 -14"><span class='ocrx_word' id='word_1_30' title='bbox 156 867 252 926; x_wconf 84' lang='lat' dir='ltr'>eredat</span> <span class='ocrx_word' id='word_1_31' title='bbox 272 861 443 939; x_wconf 81' lang='lat' dir='ltr'>Sophoclem</span> <span class='ocrx_word' id='word_1_32' title='bbox 459 866 489 922; x_wconf 88' lang='lat' dir='ltr'>iu</span> <span class='ocrx_word' id='word_1_33' title='bbox 514 863 609 922; x_wconf 91' lang='lat' dir='ltr'>medio</span> <span class='ocrx_word' id='word_1_34' title='bbox 626 865 776 938; x_wconf 84' lang='lat' dir='ltr'>posuisse,</span> <span class='ocrx_word' id='word_1_35' title='bbox 797 884 870 938; x_wconf 82' lang='lat' dir='ltr'>quae</span> <span class='ocrx_word' id='word_1_36' title='bbox 885 885 949 922; x_wconf 89' lang='lat' dir='ltr'>cum</span> <span class='ocrx_word' id='word_1_37' title='bbox 968 875 1088 940; x_wconf 82' lang='lat' dir='ltr'>utraque</span> <span class='ocrx_word' id='word_1_38' title='bbox 1107 876 1222 923; x_wconf 88' lang='lat' dir='ltr'>senten·</span> 
     </span>
     <span class='ocr_line' id='line_1_7' title="bbox 155 964 1222 1040; baseline -0.003 -14"><span class='ocrx_word' id='word_1_39' title='bbox 155 969 195 1026; x_wconf 89' lang='lat' dir='ltr'>tia</span> <span class='ocrx_word' id='word_1_40' title='bbox 218 986 273 1025; x_wconf 87' lang='lat' dir='ltr'>non</span> <span class='ocrx_word' id='word_1_41' title='bbox 295 975 462 1040; x_wconf 77' lang='lat' dir='ltr'>cortgruant,</span> <span class='ocrx_word' id='word_1_42' title='bbox 492 986 525 1025; x_wconf 93' lang='lat' dir='ltr'>ac</span> <span class='ocrx_word' id='word_1_43' title='bbox 548 984 624 1039; x_wconf 88' lang='lat' dir='ltr'>nou,</span> <span class='ocrx_word' id='word_1_44' title='bbox 654 984 726 1040; x_wconf 89' lang='lat' dir='ltr'>qnae</span> <span class='ocrx_word' id='word_1_45' title='bbox 744 967 807 1039; x_wconf 87' lang='lat' dir='ltr'>ipsa</span> <span class='ocrx_word' id='word_1_46' title='bbox 831 985 943 1040; x_wconf 77' lang='lat' dir='ltr'>utruque</span> <span class='ocrx_word' id='word_1_47' title='bbox 967 964 1004 1024; x_wconf 88' lang='lat' dir='ltr'>ad</span> <span class='ocrx_word' id='word_1_48' title='bbox 1036 966 1222 1025; x_wconf 70' lang='lat' dir='ltr'>solitudinem</span> 
     </span>
     <span class='ocr_line' id='line_1_8' title="bbox 155 1063 1222 1142; baseline 0.001 -16"><span class='ocrx_word' id='word_1_49' title='bbox 155 1067 330 1127; x_wconf 76' lang='lat' dir='ltr'>Philoctetae</span> <span class='ocrx_word' id='word_1_50' title='bbox 356 1069 534 1141; x_wconf 71' lang='lat' dir='ltr'>pertineant?</span> <span class='ocrx_word' id='word_1_51' title='bbox 572 1063 618 1123; x_wconf 84' lang='lat' dir='ltr'>En</span> <span class='ocrx_word' id='word_1_52' title='bbox 642 1087 692 1124; x_wconf 92' lang='lat' dir='ltr'>cur</span> <span class='ocrx_word' id='word_1_53' title='bbox 718 1068 755 1125; x_wconf 88' lang='lat' dir='ltr'>sit</span> <span class='ocrx_word' id='word_1_54' title='bbox 778 1067 869 1125; x_wconf 79' lang='lat' dir='ltr'>aliem</span> <span class='ocrx_word' id='word_1_55' title='bbox 892 1088 909 1125; x_wconf 87' lang='lat' dir='ltr'>a</span> <span class='ocrx_word' id='word_1_56' title='bbox 937 1068 999 1126; x_wconf 92' lang='lat' dir='ltr'>loco</span> <span class='ocrx_word' id='word_1_57' title='bbox 1026 1069 1222 1142; x_wconf 81' lang='lat' dir='ltr'>interpretatio</span> 
     </span>
     <span class='ocr_line' id='line_1_9' title="bbox 154 1168 1266 1248; baseline -0.002 -19"><span class='ocrx_word' id='word_1_58' title='bbox 154 1168 325 1230; x_wconf 84' lang='lat' dir='ltr'>Hermunni·</span> <span class='ocrx_word' id='word_1_59' title='bbox 351 1172 384 1227; x_wconf 81' lang='lat' dir='ltr'>in</span> <span class='ocrx_word' id='word_1_60' title='bbox 410 1188 493 1248; x_wconf 81' lang='lat' dir='ltr'>quem</span> <span class='ocrx_word' id='word_1_61' title='bbox 519 1168 652 1226; x_wconf 78' lang='lat' dir='ltr'>locum</span> <span class='ocrx_word' id='word_1_62' title='bbox 640 1191 702 1243; x_wconf 71' lang='grc' dir='ltr'>ψει</span> <span class='ocrx_word' id='word_1_63' title='bbox 730 1171 815 1248; x_wconf 82' lang='lat' dir='ltr'>quasi</span> <span class='ocrx_word' id='word_1_64' title='bbox 834 1168 959 1228; x_wconf 71' lang='lat' dir='ltr'>serrendo</span> <span class='ocrx_word' id='word_1_65' title='bbox 979 1183 1061 1228; x_wconf 83' lang='lat' dir='ltr'>vento</span> <span class='ocrx_word' id='word_1_66' title='bbox 1081 1183 1222 1229; x_wconf 80' lang='lat' dir='ltr'>vcnerot:</span> <span class='ocrx_word' id='word_1_67' title='bbox 1260 1188 1266 1209; x_wconf 87' lang='grc'>··</span> 
     </span>
     <span class='ocr_line' id='line_1_10' title="bbox 155 1269 1222 1347; baseline 0 -19"><span class='ocrx_word' id='word_1_68' title='bbox 155 1291 229 1347; x_wconf 81' lang='lat' dir='ltr'>quam</span> <span class='ocrx_word' id='word_1_69' title='bbox 247 1273 361 1344; x_wconf 86' lang='lat' dir='ltr'>insuper</span> <span class='ocrx_word' id='word_1_70' title='bbox 381 1290 417 1328; x_wconf 88' lang='lat' dir='ltr'>ue</span> <span class='ocrx_word' id='word_1_71' title='bbox 436 1271 506 1328; x_wconf 87' lang='lat' dir='ltr'>sotis</span> <span class='ocrx_word' id='word_1_72' title='bbox 521 1273 602 1345; x_wconf 89' lang='lat' dir='ltr'>capio</span> <span class='ocrx_word' id='word_1_73' title='bbox 619 1271 750 1345; x_wconf 86' lang='lat' dir='ltr'>quidem.</span> <span class='ocrx_word' id='word_1_74' title='bbox 773 1290 838 1328; x_wconf 88' lang='lat' dir='ltr'>uam</span> <span class='ocrx_word' id='word_1_75' title='bbox 854 1270 960 1328; x_wconf 82' lang='lat' dir='ltr'>dixeris</span> <span class='ocrx_word' id='word_1_76' title='bbox 977 1273 1071 1344; x_wconf 92' lang='lat' dir='ltr'>potius</span> <span class='ocrx_word' id='word_1_77' title='bbox 1088 1290 1154 1328; x_wconf 91' lang='lat' dir='ltr'>eum</span> <span class='ocrx_word' id='word_1_78' title='bbox 1170 1269 1222 1328; x_wconf 91' lang='lat' dir='ltr'>ad·</span> 
     </span>
     <span class='ocr_line' id='line_1_11' title="bbox 154 1356 1221 1434; baseline -0.004 0"><span class='ocrx_word' id='word_1_79' title='bbox 154 1356 318 1434; x_wconf 77' lang='lat' dir='ltr'>versissimo</span> <span class='ocrx_word' id='word_1_80' title='bbox 336 1381 420 1432; x_wconf 82' lang='lat' dir='ltr'>vento</span> <span class='ocrx_word' id='word_1_81' title='bbox 432 1373 544 1430; x_wconf 87' lang='lat' dir='ltr'>venisse</span> <span class='ocrx_word' id='word_1_82' title='bbox 561 1369 713 1431; x_wconf 86' lang='lat' dir='ltr'>Lemnum.</span> <span class='ocrx_word' id='word_1_83' title='bbox 756 1368 789 1429; x_wconf 85' lang='lat' dir='ltr'>Si</span> <span class='ocrx_word' id='word_1_84' title='bbox 808 1391 875 1430; x_wconf 83' lang='lat' dir='ltr'>vero</span> <span class='ocrx_word' id='word_1_85' title='bbox 892 1391 908 1429; x_wconf 91' lang='lat' dir='ltr'>e</span> <span class='ocrx_word' id='word_1_86' title='bbox 924 1391 1001 1430; x_wconf 84' lang='lat' dir='ltr'>nexu</span> <span class='ocrx_word' id='word_1_87' title='bbox 1017 1374 1221 1430; x_wconf 85' lang='lat' dir='ltr'>sententiarum</span> 
     </span>
     <span class='ocr_line' id='line_1_12' title="bbox 155 1471 1266 1551; baseline -0.003 -17"><span class='ocrx_word' id='word_1_88' title='bbox 155 1485 233 1551; x_wconf 84' lang='lat' dir='ltr'>putet</span> <span class='ocrx_word' id='word_1_89' title='bbox 247 1475 283 1534; x_wconf 91' lang='lat' dir='ltr'>de</span> <span class='ocrx_word' id='word_1_90' title='bbox 299 1473 450 1534; x_wconf 80' lang='lat' dir='ltr'>solitudine</span> <span class='ocrx_word' id='word_1_91' title='bbox 467 1471 515 1531; x_wconf 92' lang='lat' dir='ltr'>hic</span> <span class='ocrx_word' id='word_1_92' title='bbox 532 1492 691 1532; x_wconf 89' lang='lat' dir='ltr'>sermonem</span> <span class='ocrx_word' id='word_1_93' title='bbox 709 1493 773 1532; x_wconf 87' lang='lat' dir='ltr'>esse</span> <span class='ocrx_word' id='word_1_94' title='bbox 791 1472 912 1549; x_wconf 88' lang='lat' dir='ltr'>debere,</span> <span class='ocrx_word' id='word_1_95' title='bbox 935 1476 1036 1548; x_wconf 88' lang='lat' dir='ltr'>poetae</span> <span class='ocrx_word' id='word_1_96' title='bbox 1052 1475 1116 1548; x_wconf 88' lang='lat' dir='ltr'>ipsu</span> <span class='ocrx_word' id='word_1_97' title='bbox 1134 1475 1222 1532; x_wconf 81' lang='lat' dir='ltr'>verbu</span> <span class='ocrx_word' id='word_1_98' title='bbox 1264 1472 1266 1479; x_wconf 85' lang='lat'>&#39;</span> 
     </span>
     <span class='ocr_line' id='line_1_13' title="bbox 155 1574 1224 1638; baseline -0.004 -1"><span class='ocrx_word' id='word_1_99' title='bbox 155 1579 250 1638; x_wconf 87' lang='lat' dir='ltr'>statim</span> <span class='ocrx_word' id='word_1_100' title='bbox 274 1575 422 1635; x_wconf 82' lang='lat' dir='ltr'>ostendrmt</span> <span class='ocrx_word' id='word_1_101' title='bbox 440 1574 477 1633; x_wconf 92' lang='lat' dir='ltr'>de</span> <span class='ocrx_word' id='word_1_102' title='bbox 502 1574 553 1632; x_wconf 85' lang='lat' dir='ltr'>ills</span> <span class='ocrx_word' id='word_1_103' title='bbox 577 1576 661 1633; x_wconf 91' lang='lat' dir='ltr'>etiam</span> <span class='ocrx_word' id='word_1_104' title='bbox 684 1594 786 1633; x_wconf 85' lang='lat' dir='ltr'>revera</span> <span class='ocrx_word' id='word_1_105' title='bbox 810 1594 970 1633; x_wconf 86' lang='lat' dir='ltr'>sermonem</span> <span class='ocrx_word' id='word_1_106' title='bbox 993 1594 1068 1635; x_wconf 87' lang='lat' dir='ltr'>esse.</span> <span class='ocrx_word' id='word_1_107' title='bbox 1118 1575 1224 1636; x_wconf 80' lang='lat' dir='ltr'>Verhs</span> 
     </span>
     <span class='ocr_line' id='line_1_14' title="bbox 155 1663 1222 1756; baseline -0.003 -17"><span class='ocrx_word' id='word_1_108' title='bbox 155 1689 235 1739; x_wconf 88' lang='lat' dir='ltr'>sunt:</span> <span class='ocrx_word' id='word_1_109' title='bbox 262 1671 307 1735; x_wconf 75' lang='lat' dir='ltr'>‘ir&#39;</span> <span class='ocrx_word' id='word_1_110' title='bbox 331 1671 423 1746; x_wconf 80' lang='grc' dir='ltr'><strong><em>αὐτὸς</em></strong></span> <span class='ocrx_word' id='word_1_111' title='bbox 449 1663 488 1753; x_wconf 79' lang='grc' dir='ltr'>ἦν</span> <span class='ocrx_word' id='word_1_112' title='bbox 517 1667 693 1755; x_wconf 76' lang='grc' dir='ltr'><strong><em>πρόςουρος.</em></strong></span> <span class='ocrx_word' id='word_1_113' title='bbox 746 1673 842 1750; x_wconf 86' lang='lat' dir='ltr'>Atqui</span> <span class='ocrx_word' id='word_1_114' title='bbox 870 1668 1036 1756; x_wconf 74' lang='grc' dir='ltr'><em>πρόςουρος</em></span> <span class='ocrx_word' id='word_1_115' title='bbox 1059 1677 1222 1751; x_wconf 85' lang='lat' dir='ltr'>ubicunque</span> 
     </span>
     <span class='ocr_line' id='line_1_15' title="bbox 155 1770 1222 1856; baseline 0 -18"><span class='ocrx_word' id='word_1_116' title='bbox 155 1780 269 1839; x_wconf 85' lang='lat' dir='ltr'>obvium</span> <span class='ocrx_word' id='word_1_117' title='bbox 285 1787 348 1852; x_wconf 87' lang='lat' dir='ltr'>est,</span> <span class='ocrx_word' id='word_1_118' title='bbox 371 1779 462 1836; x_wconf 84' lang='lat' dir='ltr'>ionice</span> <span class='ocrx_word' id='word_1_119' title='bbox 482 1776 574 1835; x_wconf 81' lang='lat' dir='ltr'>forma</span> <span class='ocrx_word' id='word_1_120' title='bbox 596 1786 639 1836; x_wconf 89' lang='lat' dir='ltr'>est</span> <span class='ocrx_word' id='word_1_121' title='bbox 662 1797 713 1852; x_wconf 86' lang='lat' dir='ltr'>pro</span> <span class='ocrx_word' id='word_1_122' title='bbox 731 1770 879 1856; x_wconf 73' lang='grc' dir='ltr'><em>πρόςορος</em></span> <span class='ocrx_word' id='word_1_123' title='bbox 895 1778 1091 1854; x_wconf 74' lang='lat' dir='ltr'>significatque</span> <span class='ocrx_word' id='word_1_124' title='bbox 1109 1782 1222 1838; x_wconf 79' lang='lat' dir='ltr'>uicinus</span> 
     </span>
     <span class='ocr_line' id='line_1_16' title="bbox 155 1870 1221 1959; baseline 0 -19"><span class='ocrx_word' id='word_1_125' title='bbox 155 1882 203 1940; x_wconf 81' lang='lat' dir='ltr'>rel</span> <span class='ocrx_word' id='word_1_126' title='bbox 220 1883 330 1952; x_wconf 83' lang='lat' dir='ltr'>socius,</span> <span class='ocrx_word' id='word_1_127' title='bbox 360 1881 432 1938; x_wconf 86' lang='lat' dir='ltr'>sicut</span> <span class='ocrx_word' id='word_1_128' title='bbox 454 1870 589 1958; x_wconf 75' lang='grc' dir='ltr'><strong><em>ἅπουρος</em></strong></span> <span class='ocrx_word' id='word_1_129' title='bbox 608 1898 700 1953; x_wconf 81' lang='lat' dir='ltr'>usqne</span> <span class='ocrx_word' id='word_1_130' title='bbox 719 1899 772 1951; x_wconf 90' lang='lat' dir='ltr'>pro</span> <span class='ocrx_word' id='word_1_131' title='bbox 793 1872 911 1959; x_wconf 76' lang='grc' dir='ltr'><em>ἄφορος</em></span> <span class='ocrx_word' id='word_1_132' title='bbox 930 1882 1045 1954; x_wconf 90' lang='lat' dir='ltr'>ponitur</span> <span class='ocrx_word' id='word_1_133' title='bbox 1066 1890 1151 1955; x_wconf 85' lang='lat' dir='ltr'>atque</span> <span class='ocrx_word' id='word_1_134' title='bbox 1174 1902 1221 1940; x_wconf 85' lang='lat' dir='ltr'>re-</span> 
     </span>
     <span class='ocr_line' id='line_1_17' title="bbox 155 1978 1219 2059; baseline -0.001 -18"><span class='ocrx_word' id='word_1_135' title='bbox 155 1995 262 2042; x_wconf 83' lang='lat' dir='ltr'>motrme</span> <span class='ocrx_word' id='word_1_136' title='bbox 286 1979 435 2056; x_wconf 80' lang='lat' dir='ltr'>signifieat.</span> <span class='ocrx_word' id='word_1_137' title='bbox 479 1978 539 2059; x_wconf 82' lang='lat' dir='ltr'>Qui</span> <span class='ocrx_word' id='word_1_138' title='bbox 562 1981 648 2056; x_wconf 79' lang='lat' dir='ltr'>igitur</span> <span class='ocrx_word' id='word_1_139' title='bbox 672 1979 736 2039; x_wconf 86' lang='lat' dir='ltr'>fieri</span> <span class='ocrx_word' id='word_1_140' title='bbox 761 1990 875 2055; x_wconf 84' lang='lat' dir='ltr'>posset,</span> <span class='ocrx_word' id='word_1_141' title='bbox 906 1991 938 2039; x_wconf 87' lang='lat' dir='ltr'>ut</span> <span class='ocrx_word' id='word_1_142' title='bbox 962 1979 1017 2041; x_wconf 91' lang='lat' dir='ltr'>hoc</span> <span class='ocrx_word' id='word_1_143' title='bbox 1040 1983 1219 2055; x_wconf 83' lang='lat' dir='ltr'>vocabulum,</span> 
     </span>
     <span class='ocr_line' id='line_1_18' title="bbox 156 2080 1220 2160; baseline 0.001 -18"><span class='ocrx_word' id='word_1_144' title='bbox 156 2083 233 2160; x_wconf 87' lang='lat' dir='ltr'>qnod</span> <span class='ocrx_word' id='word_1_145' title='bbox 261 2101 402 2156; x_wconf 85' lang='lat' dir='ltr'>nunquam</span> <span class='ocrx_word' id='word_1_146' title='bbox 423 2101 479 2139; x_wconf 89' lang='lat' dir='ltr'>non</span> <span class='ocrx_word' id='word_1_147' title='bbox 496 2084 621 2140; x_wconf 77' lang='lat' dir='ltr'>vicinum</span> <span class='ocrx_word' id='word_1_148' title='bbox 638 2082 684 2140; x_wconf 83' lang='lat' dir='ltr'>vel</span> <span class='ocrx_word' id='word_1_149' title='bbox 704 2084 812 2140; x_wconf 80' lang='lat' dir='ltr'>socium</span> <span class='ocrx_word' id='word_1_150' title='bbox 835 2080 992 2158; x_wconf 78' lang='lat' dir='ltr'>significet,</span> <span class='ocrx_word' id='word_1_151' title='bbox 1018 2103 1056 2143; x_wconf 88' lang='lat' dir='ltr'>eo</span> <span class='ocrx_word' id='word_1_152' title='bbox 1075 2085 1139 2158; x_wconf 88' lang='lat' dir='ltr'>ipso</span> <span class='ocrx_word' id='word_1_153' title='bbox 1156 2085 1220 2143; x_wconf 87' lang='lat' dir='ltr'>loco</span> 
     </span>
     <span class='ocr_line' id='line_1_19' title="bbox 154 2182 1217 2261; baseline 0.001 -16"><span class='ocrx_word' id='word_1_154' title='bbox 154 2205 212 2245; x_wconf 88' lang='lat' dir='ltr'>non</span> <span class='ocrx_word' id='word_1_155' title='bbox 225 2184 408 2261; x_wconf 81' lang='lat' dir='ltr'>signiticaret,</span> <span class='ocrx_word' id='word_1_156' title='bbox 429 2183 479 2240; x_wconf 89' lang='lat' dir='ltr'>ubi</span> <span class='ocrx_word' id='word_1_157' title='bbox 497 2182 533 2241; x_wconf 90' lang='lat' dir='ltr'>de</span> <span class='ocrx_word' id='word_1_158' title='bbox 551 2185 647 2258; x_wconf 90' lang='lat' dir='ltr'>inopia</span> <span class='ocrx_word' id='word_1_159' title='bbox 664 2185 753 2242; x_wconf 80' lang='lat' dir='ltr'>uicini</span> <span class='ocrx_word' id='word_1_160' title='bbox 767 2185 892 2242; x_wconf 89' lang='lat' dir='ltr'>omnium</span> <span class='ocrx_word' id='word_1_161' title='bbox 908 2186 1032 2244; x_wconf 84' lang='lat' dir='ltr'>maxime</span> <span class='ocrx_word' id='word_1_162' title='bbox 1049 2203 1144 2244; x_wconf 87' lang='lat' dir='ltr'>sermo</span> <span class='ocrx_word' id='word_1_163' title='bbox 1163 2195 1217 2246; x_wconf 85' lang='lat' dir='ltr'>est.</span> 
     </span>
     <span class='ocr_line' id='line_1_20' title="bbox 156 2277 1219 2367; baseline 0 -22"><span class='ocrx_word' id='word_1_164' title='bbox 156 2284 256 2367; x_wconf 77' lang='lat' dir='ltr'>Quare</span> <span class='ocrx_word' id='word_1_165' title='bbox 270 2304 389 2360; x_wconf 81' lang='lat' dir='ltr'>vereor,</span> <span class='ocrx_word' id='word_1_166' title='bbox 410 2304 464 2358; x_wconf 86' lang='lat' dir='ltr'>ne,</span> <span class='ocrx_word' id='word_1_167' title='bbox 486 2285 513 2343; x_wconf 89' lang='lat' dir='ltr'>si</span> <span class='ocrx_word' id='word_1_168' title='bbox 528 2277 695 2364; x_wconf 69' lang='lat' dir='ltr'>npo&#39;govpoc</span> <span class='ocrx_word' id='word_1_169' title='bbox 717 2304 774 2342; x_wconf 91' lang='lat' dir='ltr'>non</span> <span class='ocrx_word' id='word_1_170' title='bbox 791 2286 1007 2358; x_wconf 84' lang='lat' dir='ltr'>interpretemur</span> <span class='ocrx_word' id='word_1_171' title='bbox 1023 2289 1154 2362; x_wconf 68' lang='lat' dir='ltr'>uiduus,</span> <span class='ocrx_word' id='word_1_172' title='bbox 1175 2288 1219 2345; x_wconf 89' lang='lat' dir='ltr'>iu·</span> 
     </span>
     <span class='ocr_line' id='line_1_21' title="bbox 155 2383 1221 2463; baseline 0 -16"><span class='ocrx_word' id='word_1_173' title='bbox 155 2398 199 2447; x_wconf 86' lang='lat' dir='ltr'>sto</span> <span class='ocrx_word' id='word_1_174' title='bbox 217 2388 352 2446; x_wconf 91' lang='lat' dir='ltr'>maiorem</span> <span class='ocrx_word' id='word_1_175' title='bbox 368 2390 472 2460; x_wconf 75' lang='lat' dir='ltr'>posue</span> <span class='ocrx_word' id='word_1_176' title='bbox 486 2387 545 2444; x_wconf 79' lang='lat' dir='ltr'>vim</span> <span class='ocrx_word' id='word_1_177' title='bbox 562 2386 726 2446; x_wconf 83' lang='lat' dir='ltr'>inseramus.</span> <span class='ocrx_word' id='word_1_178' title='bbox 770 2383 852 2445; x_wconf 86' lang='lat' dir='ltr'>Hsec</span> <span class='ocrx_word' id='word_1_179' title='bbox 873 2395 917 2445; x_wconf 90' lang='lat' dir='ltr'>est</span> <span class='ocrx_word' id='word_1_180' title='bbox 940 2387 1028 2446; x_wconf 86' lang='lat' dir='ltr'>altera</span> <span class='ocrx_word' id='word_1_181' title='bbox 1045 2406 1148 2463; x_wconf 79' lang='lat' dir='ltr'>cerusa,</span> <span class='ocrx_word' id='word_1_182' title='bbox 1169 2406 1221 2447; x_wconf 76' lang='grc' dir='ltr'>αιι</span> 
     </span>
     <span class='ocr_line' id='line_1_22' title="bbox 158 2478 1220 2565; baseline 0.001 -17"><span class='ocrx_word' id='word_1_183' title='bbox 158 2508 253 2564; x_wconf 83' lang='lat' dir='ltr'>neque</span> <span class='ocrx_word' id='word_1_184' title='bbox 269 2486 438 2547; x_wconf 76' lang='lat' dir='ltr'>scholiastae</span> <span class='ocrx_word' id='word_1_185' title='bbox 454 2488 664 2563; x_wconf 82' lang='lat' dir='ltr'>interpretatio,</span> <span class='ocrx_word' id='word_1_186' title='bbox 684 2478 740 2546; x_wconf 75' lang='grc' dir='ltr'>ὕπ’</span> <span class='ocrx_word' id='word_1_187' title='bbox 763 2481 881 2563; x_wconf 68' lang='grc' dir='ltr'><em>ἀνίμων</em></span> <span class='ocrx_word' id='word_1_188' title='bbox 896 2481 1104 2565; x_wconf 78' lang='grc' dir='ltr'><strong><em>βαλλόμενος,</em></strong></span> <span class='ocrx_word' id='word_1_189' title='bbox 1124 2508 1220 2563; x_wconf 82' lang='lat' dir='ltr'>nequo</span> 
     </span>
     <span class='ocr_line' id='line_1_23' title="bbox 156 2584 1220 2664; baseline -0.002 -13"><span class='ocrx_word' id='word_1_190' title='bbox 156 2586 327 2663; x_wconf 80' lang='lat' dir='ltr'>Hermsrmi,</span> <span class='ocrx_word' id='word_1_191' title='bbox 348 2584 568 2648; x_wconf 68' lang='lat' dir='ltr'>secundanorum</span> <span class='ocrx_word' id='word_1_192' title='bbox 582 2592 698 2648; x_wconf 76' lang='lat' dir='ltr'>venisses</span> <span class='ocrx_word' id='word_1_193' title='bbox 709 2597 783 2647; x_wconf 89' lang='lat' dir='ltr'>stare</span> <span class='ocrx_word' id='word_1_194' title='bbox 796 2590 897 2662; x_wconf 87' lang='lat' dir='ltr'>possit.</span> <span class='ocrx_word' id='word_1_195' title='bbox 939 2586 1076 2648; x_wconf 86' lang='lat' dir='ltr'>Neutmm</span> <span class='ocrx_word' id='word_1_196' title='bbox 1094 2610 1220 2664; x_wconf 77' lang='lat' dir='ltr'>umquam</span> 
     </span>
     <span class='ocr_line' id='line_1_24' title="bbox 160 2681 1220 2768; baseline -0.001 -16"><span class='ocrx_word' id='word_1_197' title='bbox 160 2690 300 2767; x_wconf 75' lang='lat' dir='ltr'>significat</span> <span class='ocrx_word' id='word_1_198' title='bbox 318 2681 494 2768; x_wconf 73' lang='grc' dir='ltr'>πρόςοιρος,</span> <span class='ocrx_word' id='word_1_199' title='bbox 518 2688 622 2747; x_wconf 84' lang='lat' dir='ltr'>nedum</span> <span class='ocrx_word' id='word_1_200' title='bbox 638 2686 693 2748; x_wconf 93' lang='lat' dir='ltr'>hoc</span> <span class='ocrx_word' id='word_1_201' title='bbox 709 2690 783 2765; x_wconf 85' lang='lat' dir='ltr'>loco,</span> <span class='ocrx_word' id='word_1_202' title='bbox 797 2690 856 2764; x_wconf 86' lang='lat' dir='ltr'>ubi,</span> <span class='ocrx_word' id='word_1_203' title='bbox 878 2710 951 2764; x_wconf 85' lang='lat' dir='ltr'>quae</span> <span class='ocrx_word' id='word_1_204' title='bbox 964 2694 1077 2767; x_wconf 85' lang='lat' dir='ltr'>propria</span> <span class='ocrx_word' id='word_1_205' title='bbox 1092 2694 1156 2750; x_wconf 90' lang='lat' dir='ltr'>eius</span> <span class='ocrx_word' id='word_1_206' title='bbox 1174 2695 1220 2751; x_wconf 79' lang='lat' dir='ltr'>ris</span> 
     </span>
     <span class='ocr_line' id='line_1_25' title="bbox 112 2778 1220 2867; baseline 0 -15"><span class='ocrx_word' id='word_1_207' title='bbox 112 2862 116 2867; x_wconf 45' lang='grc'><strong>,</strong></span> <span class='ocrx_word' id='word_1_208' title='bbox 157 2801 216 2867; x_wconf 91' lang='lat' dir='ltr'>est,</span> <span class='ocrx_word' id='word_1_209' title='bbox 236 2811 270 2850; x_wconf 89' lang='lat' dir='ltr'>ea</span> <span class='ocrx_word' id='word_1_210' title='bbox 282 2793 340 2848; x_wconf 87' lang='lat' dir='ltr'>iem</span> <span class='ocrx_word' id='word_1_211' title='bbox 352 2800 453 2865; x_wconf 89' lang='lat' dir='ltr'>sponte</span> <span class='ocrx_word' id='word_1_212' title='bbox 469 2778 631 2864; x_wconf 65' lang='lat' dir='ltr'>requiritur.</span> <span class='ocrx_word' id='word_1_213' title='bbox 660 2787 855 2850; x_wconf 85' lang='lat' dir='ltr'>Hennannum</span> <span class='ocrx_word' id='word_1_214' title='bbox 872 2791 991 2852; x_wconf 78' lang='lat' dir='ltr'>offendit</span> <span class='ocrx_word' id='word_1_215' title='bbox 1010 2794 1101 2852; x_wconf 77' lang='lat' dir='ltr'>dorma</span> <span class='ocrx_word' id='word_1_216' title='bbox 1115 2794 1220 2853; x_wconf 83' lang='lat' dir='ltr'>ionice.</span> 
     </span>
     <span class='ocr_line' id='line_1_26' title="bbox 156 2884 1220 2970; baseline 0.001 -17"><span class='ocrx_word' id='word_1_217' title='bbox 156 2884 202 2954; x_wconf 74' lang='lat' dir='ltr'>At</span> <span class='ocrx_word' id='word_1_218' title='bbox 215 2901 338 2967; x_wconf 84' lang='lat' dir='ltr'>constat,</span> <span class='ocrx_word' id='word_1_219' title='bbox 359 2910 445 2966; x_wconf 87' lang='lat' dir='ltr'>quum</span> <span class='ocrx_word' id='word_1_220' title='bbox 460 2889 572 2949; x_wconf 85' lang='lat' dir='ltr'>infinita</span> <span class='ocrx_word' id='word_1_221' title='bbox 595 2893 694 2951; x_wconf 89' lang='lat' dir='ltr'>talium</span> <span class='ocrx_word' id='word_1_222' title='bbox 716 2893 871 2952; x_wconf 84' lang='lat' dir='ltr'>formarum</span> <span class='ocrx_word' id='word_1_223' title='bbox 885 2895 1018 2970; x_wconf 82' lang='lat' dir='ltr'>exempla</span> <span class='ocrx_word' id='word_1_224' title='bbox 1037 2896 1168 2970; x_wconf 73' lang='lat' dir='ltr'>inprimis</span> <span class='ocrx_word' id='word_1_225' title='bbox 1189 2897 1220 2954; x_wconf 86' lang='lat' dir='ltr'>in</span> 
     </span>
     <span class='ocr_line' id='line_1_27' title="bbox 154 2979 1221 3074; baseline 0.001 -19"><span class='ocrx_word' id='word_1_226' title='bbox 154 2994 265 3055; x_wconf 89' lang='lat' dir='ltr'>melicis</span> <span class='ocrx_word' id='word_1_227' title='bbox 281 2994 450 3068; x_wconf 74' lang='lat' dir='ltr'>tragicorum</span> <span class='ocrx_word' id='word_1_228' title='bbox 473 2993 669 3069; x_wconf 78' lang='lat' dir='ltr'>inveniantur,</span> <span class='ocrx_word' id='word_1_229' title='bbox 700 3003 732 3053; x_wconf 89' lang='lat' dir='ltr'>ut</span> <span class='ocrx_word' id='word_1_230' title='bbox 756 2996 829 3055; x_wconf 89' lang='lat' dir='ltr'>scire</span> <span class='ocrx_word' id='word_1_231' title='bbox 850 2997 957 3074; x_wconf 83' lang='lat' dir='ltr'>velim,</span> <span class='ocrx_word' id='word_1_232' title='bbox 976 2979 1109 3072; x_wconf 86' lang='lat' dir='ltr'>quidnam</span> <span class='ocrx_word' id='word_1_233' title='bbox 1125 2989 1221 3074; x_wconf 81' lang='grc' dir='ltr'>πρός-</span> 
     </span>
     <span class='ocr_line' id='line_1_28' title="bbox 156 3094 1222 3176; baseline 0.001 -20"><span class='ocrx_word' id='word_1_234' title='bbox 156 3116 247 3176; x_wconf 75' lang='grc' dir='ltr'><strong><em>ουρος</em></strong></span> <span class='ocrx_word' id='word_1_235' title='bbox 274 3094 447 3169; x_wconf 83' lang='lat' dir='ltr'>peccaverit,</span> <span class='ocrx_word' id='word_1_236' title='bbox 483 3104 514 3152; x_wconf 90' lang='lat' dir='ltr'>ut</span> <span class='ocrx_word' id='word_1_237' title='bbox 531 3096 626 3168; x_wconf 88' lang='lat' dir='ltr'>ipsum</span> <span class='ocrx_word' id='word_1_238' title='bbox 658 3096 697 3154; x_wconf 88' lang='lat' dir='ltr'>sit</span> <span class='ocrx_word' id='word_1_239' title='bbox 723 3096 939 3157; x_wconf 85' lang='lat' dir='ltr'>excludendum.</span> <span class='ocrx_word' id='word_1_240' title='bbox 990 3097 1116 3174; x_wconf 75' lang='lat' dir='ltr'>Egregie</span> <span class='ocrx_word' id='word_1_241' title='bbox 1143 3095 1222 3158; x_wconf 86' lang='lat' dir='ltr'>huno</span> 
     </span>
     <span class='ocr_line' id='line_1_29' title="bbox 154 3176 1220 3275; baseline 0.002 -18"><span class='ocrx_word' id='word_1_242' title='bbox 154 3215 240 3257; x_wconf 75' lang='lat' dir='ltr'>ustum</span> <span class='ocrx_word' id='word_1_243' title='bbox 260 3196 374 3255; x_wconf 81' lang='lat' dir='ltr'>adiurat</span> <span class='ocrx_word' id='word_1_244' title='bbox 398 3196 517 3254; x_wconf 80' lang='lat' dir='ltr'>alienun</span> <span class='ocrx_word' id='word_1_245' title='bbox 537 3216 638 3255; x_wconf 83' lang='lat' dir='ltr'>vocum</span> <span class='ocrx_word' id='word_1_246' title='bbox 660 3197 824 3258; x_wconf 85' lang='lat' dir='ltr'>similitudo.</span> <span class='ocrx_word' id='word_1_247' title='bbox 873 3196 948 3258; x_wconf 87' lang='lat' dir='ltr'>Nam</span> <span class='ocrx_word' id='word_1_248' title='bbox 963 3200 1086 3275; x_wconf 87' lang='lat' dir='ltr'>primum</span> <span class='ocrx_word' id='word_1_249' title='bbox 1106 3176 1220 3260; x_wconf 86' lang='lat' dir='ltr'>Aesch</span> 
     </span>
     <span class='ocr_line' id='line_1_30' title="bbox 154 3291 1219 3421; baseline 0.005 -64"><span class='ocrx_word' id='word_1_250' title='bbox 154 3297 301 3358; x_wconf 88' lang='lat' dir='ltr'>Prometh</span> <span class='ocrx_word' id='word_1_251' title='bbox 317 3299 367 3357; x_wconf 96' lang='lat'>1</span> <span class='ocrx_word' id='word_1_252' title='bbox 358 3318 388 3356; x_wconf 90' lang='lat' dir='ltr'>m</span> <span class='ocrx_word' id='word_1_253' title='bbox 415 3298 516 3355; x_wconf 83' lang='lat' dir='ltr'>iambis</span> <span class='ocrx_word' id='word_1_254' title='bbox 544 3307 696 3371; x_wconf 71' lang='lat' dir='ltr'>deturpetur</span> <span class='ocrx_word' id='word_1_255' title='bbox 715 3291 882 3375; x_wconf 74' lang='grc' dir='ltr'><strong><em>τηλουρὸς,</em></strong></span> <span class='ocrx_word' id='word_1_256' title='bbox 902 3299 1094 3380; x_wconf 56' lang='lat' dir='ltr'>longinquum</span> <span class='ocrx_word' id='word_1_257' title='bbox 1112 3299 1219 3421; x_wconf 33' lang='lat' dir='ltr'>Snuph·</span> 
     </span>
     <span class='ocr_line' id='line_1_31' title="bbox 155 3382 1219 3478; baseline 0.003 -18"><span class='ocrx_word' id='word_1_258' title='bbox 155 3399 233 3460; x_wconf 84' lang='lat' dir='ltr'>Oed.</span> <span class='ocrx_word' id='word_1_259' title='bbox 257 3385 330 3476; x_wconf 90' lang='grc' dir='ltr'>Τγι.</span> <span class='ocrx_word' id='word_1_260' title='bbox 352 3401 411 3458; x_wconf 82' lang='lat'>195</span> <span class='ocrx_word' id='word_1_261' title='bbox 434 3389 579 3475; x_wconf 77' lang='grc' dir='ltr'>ι’ίιτουρος,</span> <span class='ocrx_word' id='word_1_262' title='bbox 600 3397 791 3478; x_wconf 65' lang='lat' dir='ltr'>longinquom</span> <span class='ocrx_word' id='word_1_263' title='bbox 812 3397 922 3460; x_wconf 86' lang='lat' dir='ltr'>Aesch.</span> <span class='ocrx_word' id='word_1_264' title='bbox 938 3400 1045 3478; x_wconf 77' lang='lat' dir='ltr'>Agant.</span> <span class='ocrx_word' id='word_1_265' title='bbox 1048 3382 1152 3462; x_wconf 78' lang='grc'>504</span> <span class='ocrx_word' id='word_1_266' title='bbox 1145 3396 1219 3474; x_wconf 72' lang='grc' dir='ltr'>ξύν-</span> 
     </span>
     <span class='ocr_line' id='line_1_32' title="bbox 156 3495 1219 3618; baseline 0.003 -56"><span class='ocrx_word' id='word_1_267' title='bbox 156 3516 262 3581; x_wconf 74' lang='grc' dir='ltr'><em>ουρος,</em></span> <span class='ocrx_word' id='word_1_268' title='bbox 288 3520 390 3561; x_wconf 84' lang='lat' dir='ltr'>comes.</span> <span class='ocrx_word' id='word_1_269' title='bbox 431 3495 522 3558; x_wconf 79' lang='lat' dir='ltr'>Porro</span> <span class='ocrx_word' id='word_1_270' title='bbox 549 3518 641 3618; x_wconf 79' lang='lat' dir='ltr'>paene</span> <span class='ocrx_word' id='word_1_271' title='bbox 661 3500 755 3560; x_wconf 89' lang='lat' dir='ltr'>decies</span> <span class='ocrx_word' id='word_1_272' title='bbox 778 3499 853 3574; x_wconf 84' lang='lat' dir='ltr'>apud</span> <span class='ocrx_word' id='word_1_273' title='bbox 870 3500 1067 3578; x_wconf 83' lang='lat' dir='ltr'>Euripidem</span> <span class='ocrx_word' id='word_1_274' title='bbox 1057 3524 1088 3563; x_wconf 92' lang='lat' dir='ltr'>m</span> <span class='ocrx_word' id='word_1_275' title='bbox 1107 3505 1219 3585; x_wconf 86' lang='lat' dir='ltr'>melicis</span> 
     </span>
     <span class='ocr_line' id='line_1_33' title="bbox 157 3591 1220 3691; baseline 0.004 -28"><span class='ocrx_word' id='word_1_276' title='bbox 157 3604 264 3679; x_wconf 77' lang='lat' dir='ltr'>legitur</span> <span class='ocrx_word' id='word_1_277' title='bbox 285 3591 459 3660; x_wconf 81' lang='lat' dir='ltr'>ionicum&#39;&#39;</span> <span class='ocrx_word' id='word_1_278' title='bbox 422 3620 538 3677; x_wconf 67' lang='lat' dir='ltr'>superor</span> <span class='ocrx_word' id='word_1_279' title='bbox 552 3621 606 3676; x_wconf 88' lang='lat' dir='ltr'>pro</span> <span class='ocrx_word' id='word_1_280' title='bbox 623 3595 983 3691; x_wconf 75' lang='lat' dir='ltr'>dpsroc,mostunss.1n</span> <span class='ocrx_word' id='word_1_281' title='bbox 1000 3605 1128 3666; x_wconf 85' lang='lat' dir='ltr'>eiusdem</span> <span class='ocrx_word' id='word_1_282' title='bbox 1142 3605 1220 3667; x_wconf 87' lang='lat' dir='ltr'>Hec.</span> 
     </span>
     <span class='ocr_line' id='line_1_34' title="bbox 160 3696 1223 3790; baseline 0.005 -27.009"><span class='ocrx_word' id='word_1_283' title='bbox 160 3710 222 3765; x_wconf 79' lang='lat'>202</span> <span class='ocrx_word' id='word_1_284' title='bbox 238 3713 266 3761; x_wconf 90' lang='lat' dir='ltr'>et</span> <span class='ocrx_word' id='word_1_285' title='bbox 282 3699 404 3760; x_wconf 87' lang='lat' dir='ltr'>Phae&#39;th</span> <span class='ocrx_word' id='word_1_286' title='bbox 420 3700 468 3778; x_wconf 91' lang='lat' dir='ltr'>ll,</span> <span class='ocrx_word' id='word_1_287' title='bbox 492 3708 531 3762; x_wconf 81' lang='lat'>23</span> <span class='ocrx_word' id='word_1_288' title='bbox 550 3713 661 3762; x_wconf 84' lang='lat' dir='ltr'>exstent</span> <span class='ocrx_word' id='word_1_289' title='bbox 677 3723 762 3763; x_wconf 81' lang='lat' dir='ltr'>voces</span> <span class='ocrx_word' id='word_1_290' title='bbox 782 3707 868 3764; x_wconf 86' lang='lat' dir='ltr'>etism</span> <span class='ocrx_word' id='word_1_291' title='bbox 890 3708 982 3782; x_wconf 77' lang='lat' dir='ltr'>magis</span> <span class='ocrx_word' id='word_1_292' title='bbox 1001 3708 1109 3767; x_wconf 78' lang='lat' dir='ltr'>iuniore</span> <span class='ocrx_word' id='word_1_293' title='bbox 1117 3696 1223 3790; x_wconf 77' lang='grc' dir='ltr'><em>οὐρί-</em></span> 
     </span>
     <span class='ocr_line' id='line_1_35' title="bbox 155 3795 1219 3903; baseline 0 -36"><span class='ocrx_word' id='word_1_294' title='bbox 155 3808 290 3887; x_wconf 61' lang='lat' dir='ltr'>&amp;pensor</span> <span class='ocrx_word' id='word_1_295' title='bbox 303 3814 333 3863; x_wconf 88' lang='lat' dir='ltr'>et</span> <span class='ocrx_word' id='word_1_296' title='bbox 349 3795 523 3883; x_wconf 72' lang='grc' dir='ltr'>οὐριβάιας.</span> <span class='ocrx_word' id='word_1_297' title='bbox 566 3800 601 3862; x_wconf 90' lang='lat' dir='ltr'>ln</span> <span class='ocrx_word' id='word_1_298' title='bbox 614 3803 702 3880; x_wconf 89' lang='lat' dir='ltr'>Soph</span> <span class='ocrx_word' id='word_1_299' title='bbox 715 3802 837 3865; x_wconf 87' lang='lat' dir='ltr'>Philoet.</span> <span class='ocrx_word' id='word_1_300' title='bbox 858 3811 939 3867; x_wconf 85' lang='grc'><strong>1148</strong></span> <span class='ocrx_word' id='word_1_301' title='bbox 955 3818 1000 3866; x_wconf 86' lang='lat' dir='ltr'>est</span> <span class='ocrx_word' id='word_1_302' title='bbox 1014 3802 1219 3903; x_wconf 70' lang='grc' dir='ltr'>οὖρεσιβῷτας</span> 
     </span>
    </p>
   </div>
   <div class='ocr_carea' id='block_1_4' title="bbox 51 3897 1220 3987">
    <p class='ocr_par' dir='ltr' id='par_1_4' title="bbox 51 3897 1263 3987">
     <span class='ocr_line' id='line_1_36' title="bbox 51 3897 1220 3987; baseline 0.003 -19"><span class='ocrx_word' id='word_1_303' title='bbox 51 3958 58 3979; x_wconf 80' lang='grc'><strong>,</strong></span> <span class='ocrx_word' id='word_1_304' title='bbox 156 3918 187 3969; x_wconf 88' lang='lat' dir='ltr'>et</span> <span class='ocrx_word' id='word_1_305' title='bbox 205 3904 307 3981; x_wconf 85' lang='lat' dir='ltr'>Eurip.</span> <span class='ocrx_word' id='word_1_306' title='bbox 321 3903 474 3965; x_wconf 75' lang='lat' dir='ltr'>Bacche.</span> <span class='ocrx_word' id='word_1_307' title='bbox 491 3907 553 3967; x_wconf 76' lang='grc'>935</span> <span class='ocrx_word' id='word_1_308' title='bbox 569 3924 660 3983; x_wconf 82' lang='grc' dir='ltr'><strong><em>ουρος</em></strong></span> <span class='ocrx_word' id='word_1_309' title='bbox 674 3926 726 3981; x_wconf 81' lang='lat' dir='ltr'>pro</span> <span class='ocrx_word' id='word_1_310' title='bbox 741 3926 831 3987; x_wconf 72' lang='lat' dir='ltr'>opor,</span> <span class='ocrx_word' id='word_1_311' title='bbox 851 3929 942 3967; x_wconf 80' lang='lat' dir='ltr'>stass.</span> <span class='ocrx_word' id='word_1_312' title='bbox 984 3906 1049 3969; x_wconf 88' lang='lat' dir='ltr'>Hoc</span> <span class='ocrx_word' id='word_1_313' title='bbox 1070 3897 1220 3971; x_wconf 72' lang='lat' dir='ltr'>ultimum</span> 
     </span>
    </p>
   </div>
   <div class='ocr_carea' id='block_1_5' title="bbox 155 3999 1250 4191">
    <p class='ocr_par' dir='ltr' id='par_1_5' title="bbox 155 3999 1250 4191">
     <span class='ocr_line' id='line_1_37' title="bbox 155 3999 1250 4091; baseline 0.003 -23"><span class='ocrx_word' id='word_1_314' title='bbox 155 4011 221 4069; x_wconf 90' lang='lat' dir='ltr'>loco</span> <span class='ocrx_word' id='word_1_315' title='bbox 242 4005 423 4067; x_wconf 85' lang='lat' dir='ltr'>Hermannus</span> <span class='ocrx_word' id='word_1_316' title='bbox 446 4007 560 4080; x_wconf 85' lang='lat' dir='ltr'>scripsit</span> <span class='ocrx_word' id='word_1_317' title='bbox 575 4001 605 4065; x_wconf 78' lang='grc' dir='ltr'>ἰ’τ</span> <span class='ocrx_word' id='word_1_318' title='bbox 609 3999 724 4078; x_wconf 66' lang='lat' dir='ltr'>&#39;dc’&#39;</span> <span class='ocrx_word' id='word_1_319' title='bbox 707 4028 795 4087; x_wconf 84' lang='grc' dir='ltr'><em>ορος,</em></span> <span class='ocrx_word' id='word_1_320' title='bbox 817 4010 883 4083; x_wconf 81' lang='lat' dir='ltr'>qnia</span> <span class='ocrx_word' id='word_1_321' title='bbox 905 4029 996 4089; x_wconf 83' lang='grc' dir='ltr'><strong><em>ουρος</em></strong></span> <span class='ocrx_word' id='word_1_322' title='bbox 1012 4030 1049 4070; x_wconf 86' lang='lat' dir='ltr'>ne</span> <span class='ocrx_word' id='word_1_323' title='bbox 1072 4008 1218 4091; x_wconf 69' lang='lat' dir='ltr'>Homerum</span> <span class='ocrx_word' id='word_1_324' title='bbox 1247 4004 1250 4009; x_wconf 65' lang='grc'><strong>’</strong></span> 
     </span>
     <span class='ocr_line' id='line_1_38' title="bbox 157 4083 1218 4191; baseline 0.003 -21"><span class='ocrx_word' id='word_1_325' title='bbox 157 4111 288 4188; x_wconf 81' lang='lat' dir='ltr'>quidem,</span> <span class='ocrx_word' id='word_1_326' title='bbox 313 4111 370 4169; x_wconf 87' lang='lat' dir='ltr'>nisi</span> <span class='ocrx_word' id='word_1_327' title='bbox 392 4111 423 4169; x_wconf 89' lang='lat' dir='ltr'>in</span> <span class='ocrx_word' id='word_1_328' title='bbox 446 4110 557 4168; x_wconf 87' lang='lat' dir='ltr'>casibus</span> <span class='ocrx_word' id='word_1_329' title='bbox 579 4083 736 4187; x_wconf 80' lang='lat' dir='ltr'>trisyllabis</span> <span class='ocrx_word' id='word_1_330' title='bbox 760 4104 882 4191; x_wconf 73' lang='grc' dir='ltr'>ου’ριις,</span> <span class='ocrx_word' id='word_1_331' title='bbox 905 4103 995 4191; x_wconf 74' lang='lat' dir='ltr'>or&#39;r&#39;pau</span> <span class='ocrx_word' id='word_1_332' title='bbox 1018 4122 1073 4172; x_wconf 83' lang='lat' dir='ltr'>etc.</span> <span class='ocrx_word' id='word_1_333' title='bbox 1099 4112 1218 4191; x_wconf 80' lang='lat' dir='ltr'>dixerit,</span> 
     </span>
    </p>
   </div>
   <div class='ocr_carea' id='block_1_6' title="bbox 156 4209 1217 4310">
    <p class='ocr_par' dir='ltr' id='par_1_6' title="bbox 156 4209 1217 4310">
     <span class='ocr_line' id='line_1_39' title="bbox 156 4209 1217 4310; baseline -0.004 -33"><span class='ocrx_word' id='word_1_334' title='bbox 156 4213 260 4278; x_wconf 78' lang='lat' dir='ltr'>nedum</span> <span class='ocrx_word' id='word_1_335' title='bbox 277 4212 388 4292; x_wconf 76' lang='lat' dir='ltr'>tragici.</span> <span class='ocrx_word' id='word_1_336' title='bbox 429 4209 519 4300; x_wconf 77' lang='lat' dir='ltr'>Quod</span> <span class='ocrx_word' id='word_1_337' title='bbox 530 4230 650 4294; x_wconf 77' lang='lat' dir='ltr'>vereor,</span> <span class='ocrx_word' id='word_1_338' title='bbox 668 4220 703 4273; x_wconf 88' lang='lat' dir='ltr'>ut</span> <span class='ocrx_word' id='word_1_339' title='bbox 720 4210 873 4289; x_wconf 71' lang='lat' dir='ltr'>defendere</span> <span class='ocrx_word' id='word_1_340' title='bbox 894 4215 987 4310; x_wconf 78' lang='lat' dir='ltr'>possit</span> <span class='ocrx_word' id='word_1_341' title='bbox 1006 4210 1064 4277; x_wconf 84' lang='lat' dir='ltr'>Vir</span> <span class='ocrx_word' id='word_1_342' title='bbox 1079 4210 1217 4280; x_wconf 62' lang='lat' dir='ltr'>celeberr·</span> 
     </span>
    </p>
   </div>
   <div class='ocr_carea' id='block_1_7' title="bbox 0 0 1344 4816">
    <p class='ocr_par' dir='ltr' id='par_1_7' title="bbox 0 0 1344 4816">
     <span class='ocr_line' id='line_1_40' title="bbox 0 0 1344 4816; baseline 0 0"><span class='ocrx_word' id='word_1_343' title='bbox 0 0 1344 4816; x_wconf 95' lang='lat' dir='ltr'> </span> 
     </span>
    </p>
   </div>
  </div>
 </body>
</html>
