2678 4816
420 388 918 475 rn1socrauas
1131 399 1196 468 ιη

116 586 262 647 maloram
283 585 398 660 qtridern
419 583 559 658 vicinum,
580 603 616 644 nc
637 577 761 643 vicinum
782 580 914 659 quidem,
936 587 984 660 qtri
1006 587 1068 662 ipse
1089 593 1189 652 morbo

119 690 243 749 afflictus
265 699 359 761 esset,
391 686 565 747 Philoctetae
581 685 710 774 affuisse.
754 685 814 765 Qui
844 689 956 745 etiarnsi
985 686 1061 749 harno
1085 700 1190 753 ‘revera
1227 738 1234 751 .

119 812 176 850 non
198 791 318 849 rnrtltum
339 792 438 848 iuvare
459 791 616 863 potuisset,
649 799 762 863 tamen,
793 787 877 846 modo
898 791 1025 865 vicinias,
1055 794 1116 853 eins
1138 797 1191 855 mi·

118 895 224 953 seriam
246 891 404 951 mirandum
424 893 452 949 in
475 890 591 949 modum
612 890 774 948 allevasset.
819 888 905 969 Qarod
926 893 952 949 si
973 894 1011 951 ita
1033 907 1086 968 cst,
1108 918 1192 957 nemo

119 997 235 1072 negabit
257 995 300 1052 illi
322 995 475 1052 sentcntiae
497 1012 553 1050 non
572 991 657 1050 modo
679 1009 735 1050 non
756 992 911 1077 aptiorem,
934 993 987 1052 sed
1005 998 1119 1056 omnino
1135 1021 1192 1059 non

78 1164 84 1179 ³
121 1099 210 1157 alium
232 1096 326 1154 locum
347 1116 411 1154 esse
433 1113 539 1169 posse,
560 1095 616 1150 nisi
635 1091 753 1166 huncce,
774 1095 805 1151 in
826 1115 882 1167 quo
903 1115 1058 1161 versamur.
1103 1098 1192 1162 Uarius

78 1230 84 1249 ν
122 1209 151 1259 et
171 1211 253 1257 teuor
274 1208 303 1257 et
324 1208 421 1256 coarcta
442 1197 528 1255 verba
542 1194 681 1253 cittsmodi
699 1207 775 1270 suut,
796 1205 838 1266 ut,
863 1195 889 1253 si
905 1198 991 1255 etiam
1007 1201 1120 1264 abesset
1136 1222 1194 1264 vox

122 1297 315 1380 κακομείτονα
324 1343 336 1373 ,
358 1310 452 1358 tamen
472 1301 498 1357 is
519 1300 599 1372 ipae,
630 1317 715 1372 quem
735 1294 772 1355 ad
794 1291 951 1355 otiatura
972 1302 1121 1376 cogitando
1143 1306 1193 1364 ad·
1230 1347 1231 1350 η

122 1403 272 1478 daremus,
303 1413 378 1461 esset
405 1402 470 1460 talis
500 1399 641 1458 medortam
669 1420 771 1458 comes.
824 1395 888 1457 vix
915 1419 1001 1460 sanus
1024 1406 1086 1477 qrris
1108 1404 1193 1466 homo

123 1515 208 1580 atque
228 1507 339 1579 integer
361 1501 534 1562 Philoctetae
556 1502 650 1560 socius
671 1509 808 1574 perpetua
830 1502 892 1559 eius
906 1502 1027 1562 lamenta
1043 1510 1193 1568 strationis.

123 1618 185 1680 σοῖς
207 1605 258 1666 sed
279 1607 366 1664 talem
387 1625 450 1664 esse
472 1605 636 1679 oportebat,
667 1600 752 1677 oprtet
778 1621 861 1681 quem
881 1604 961 1662 molo
981 1628 1037 1665 sao
1058 1606 1192 1688 adtolleret.

123 1712 173 1786 (μιί
194 1711 256 1784 ipse
276 1710 360 1766 malis
380 1706 502 1765 afflictus
522 1726 579 1764 tana
600 1705 812 1764 lamentaretur.
856 1700 969 1765 Deinde
990 1708 1095 1769 lomatio
1117 1692 1221 1797 πορθ

124 1797 150 1894 ᾧ
168 1833 224 1869 noo
246 1809 399 1869 omittenda
420 1819 487 1900 est,⁴
502 1827 574 1882 quae
594 1826 662 1865 vere
683 1817 728 1865 esi
748 1809 781 1865 ia
799 1805 900 1866 desecat
923 1808 1136 1894 Gerellschofi,
1157 1817 1196 1874 ita
1217 1880 1222 1897 Ι

122 1924 157 1972 ut
178 1913 250 1971 alter
272 1933 327 1970 tana
348 1912 527 1969 lamentetur.
580 1907 714 1982 Denique
744 1929 802 1968 vox
831 1904 992 1970 ἀντίτυπον
1012 1914 1095 1974 valde
1118 1916 1196 1975 affir⁴

124 2023 183 2072 mat
201 2012 362 2071 lutittsmodi
382 2014 514 2071 comitem
534 2031 552 2068 a
575 2015 661 2084 polita
682 2012 843 2085 memorari,
865 2031 922 2086 quo
942 2015 1006 2086 ipso
1027 2016 1198 2078 lamentante

123 2113 300 2173 Philoctetae
329 2115 468 2175 clamores
496 2115 741 2187 repercutiantur.
785 2110 885 2186 Neque
913 2114 997 2174 aliter
1015 2119 1036 2174 ii
1057 2120 1198 2194 iuterpre·
1251 2164 1256 2173 .

125 2229 189 2293 tes,
220 2219 270 2291 qui
290 2213 483 2294 κακσγείτονα
506 2234 570 2273 cum
591 2235 659 2273 τινα
680 2215 828 2290 iungentes
850 2235 866 2274 a
887 2212 981 2287 κακός
1000 2217 1103 2296 γείτων
1123 2223 1198 2282 illud

126 2317 265 2391 derivant.
321 2317 394 2377 Nam
413 2313 581 2377 Buttmarmi
612 2317 750 2391 „vicinus
772 2317 864 2378 eidem
885 2322 1019 2392 penuriae
1040 2323 1211 2400 iisdemque-

125 2421 251 2479 miseriis
273 2420 451 2478 colluctans“
473 2428 503 2477 et
525 2414 640 2493 Solgeri
663 2420 745 2493 ,‚vir,
767 2420 816 2493 qui
838 2423 1023 2481 communiter
1045 2444 1107 2483 com
1129 2424 1198 2485 Phi·

125 2523 233 2582 locteta
261 2522 337 2580 malo
366 2530 394 2578 ct
415 2521 489 2577 tristi
508 2519 572 2577 loco
593 2516 749 2594 habitat,“
781 2523 845 2594 qttis
867 2522 940 2580 alius
963 2533 1025 2600 est,
1055 2528 1080 2584 si
1101 2523 1223 2586 uertant⁴

125 2627 260 2702 quaeris,
288 2626 344 2682 uisi
365 2621 508 2680 malorum
529 2627 642 2691 coms?
668 2617 758 2680 Certe
785 2625 967 2698 perspicuum
988 2637 1033 2684 eat
1051 2637 1201 2704 ramumque

126 2728 164 2787 de
186 2728 351 2786 calamitatis
373 2726 450 2783 socio
472 2726 659 2800 cogitavisse,
681 2723 735 2783 sed
754 2723 847 2800 hunc,
869 2728 944 2785 male
965 2729 1095 2804 quidem,
1118 2751 1201 2804 prae·

110 2830 233 2888 *cidisse
255 2841 340 2903 atque
361 2830 570 2902 amputavisse,
593 2826 677 2884 modo
698 2845 736 2886 ne
757 2826 793 2884 ad
820 2829 943 2888 κακοῦ
964 2829 1081 2907 μα’τονα
1104 2833 1202 2892 conlit-

125 2932 263 3009 gieudum
284 2940 370 2990 esset.
422 2927 461 2987 Et
482 2928 596 3002 quidem
617 2925 810 3006 κακομείτονα
831 2948 895 2986 utin
916 2926 1024 2990 στόνον
1044 2933 1124 3010 iungi
1145 2952 1202 2994 nort

129 3055 233 3111 posse,
260 3035 323 3107 ipse
343 3030 526 3091 Hermaonus
547 3031 655 3088 invitus
677 3030 741 3103 dot,
774 3051 861 3104 quum
882 3041 998 3106 propter
1017 3039 1101 3094 tnetri
1125 3039 1202 3096 ittae·

130 3137 298 3211 qrtalitatem
329 3145 416 3208 atque
444 3133 609 3205 audaciam,
641 3152 696 3207 (μισ
724 3118 831 3191 στόνον
860 3133 944 3206 poeta
965 3135 1154 3215 βαροβρῶτα
1176 3149 1205 3199 et

131 3231 306 3317 αἱματηρόν
327 3235 413 3309 dicat,
435 3255 538 3294 nomeu
561 3232 687 3307 aliquod,
710 3244 742 3292 ut
761 3227 916 3309 κάματον,
937 3255 975 3294 ex
995 3236 1049 3296 hoc
1071 3236 1134 3298 loco
1153 3259 1204 3300 ex·

132 3339 239 3398 cidisse
260 3337 389 3413 coniicit,
416 3337 453 3395 ad
475 3337 550 3412 quod
572 3335 695 3410 epitheta
717 3337 767 3395 illa
789 3336 845 3394 duo
873 3340 1041 3410 pertineant.
1094 3336 1156 3398 Etsi
1179 3353 1208 3402 et

130 3452 254 3500 metuam
275 3439 394 3513 aeqoale
415 3459 571 3514 sanumque
593 3458 657 3497 essa
677 3458 747 3496 mox
767 3438 890 3513 videris,
918 3450 948 3509 st
973 3461 1042 3499 vere
1063 3446 1206 3515 posticum
1253 3455 1255 3459 ‘

132 3554 177 3602 est
199 3541 248 3617 id,
275 3541 353 3616 qtaod
375 3541 410 3600 tle
432 3542 550 3600 valam
570 3539 720 3599 dicendum
743 3550 821 3614 erat,
847 3538 983 3621 quarelae
1001 3541 1131 3601 uulneris
1152 3547 1206 3602 tri*

110 3638 239 3717 Ἤματα,
262 3636 369 3703 στόνον
390 3644 579 3721 βαρνβρῶτα
600 3672 637 3688 -·-
656 3634 836 3720 αἶματηρόν.
887 3628 1027 3702 Similiter
1048 3643 1208 3720 Sophocles

131 3749 214 3822 ponit
240 3741 297 3818 τὰς
325 3741 499 3822 αἱματηρὰς
520 3737 666 3821 ὀμμάτων
689 3739 868 3824 διαφθορὰς
889 3766 942 3818 pro
964 3738 1089 3821 όμματα
1111 3744 1208 3824 αἱμα·

78 3843 263 3923 .,τοέντως
289 3843 502 3928 διεφθαρμένα
531 3844 607 3906 oet.
632 3844 696 3907 001.
714 3853 792 3919 558,
822 3857 852 3905 et
881 3842 990 3926 ὀργίων
1012 3843 1091 3927 φλόξ
1113 3845 1208 3930 οἶμαι·
1296 3924 1299 3929 Ι

78 3932 118 4035 §⁸¹
132 3942 214 4027 τηρὰ
236 3969 288 4023 pro
310 3943 488 4027 αἷματηρῶν
510 3943 619 4027 όργίαν
641 3943 720 4029 φλόξ
741 3947 875 4009 Trachin.
891 3956 965 4010 762⁹.
1008 3942 1081 4008 vta.
1101 3949 1208 4014 Herm.

91 4074 94 4083 ¹
134 4050 172 4111 ad
192 4049 418 4112 Philoot.1106
437 4062 466 4109 et
489 4048 675 4109 Lobeok.ad
695 4048 781 4110 Aiac.
796 4057 829 4110 7.
873 4049 933 4110 Sed
953 4048 1009 4109 hoc
1029 4054 1163 4112 nimirum
1181 4057 1210 4112 in

135 4173 221 4213 musa
242 4163 307 4227 cat,
339 4173 408 4226 cur,
437 4155 463 4211 si
491 4146 685 4231 κακογεῖτονα
707 4172 772 4211 corn
794 4144 902 4211 στόνον
923 4155 1131 4230 contradimus,
1161 4154 1211 4214 a'd-

136 4252 261 4316 dendum
279 4251 435 4355 quium
456 4255 550 4329 quiris
571 4263 709 4330 conseret,
731 4253 809 4330 quod
828 4257 920 4314 maior
940 4255 1016 4314 t'oret
1036 4258 1211 4316 coacetaotio

917 4351 973 4416 gs

658 4534 674 4569 Ι

664 4566 708 4657 d
