2678 4816
466 356 849 424 Attrleonn.
1172 364 1195 428 3

123 546 218 633 πόρω
246 544 342 631 stem
371 546 462 624 Soph.
483 545 585 627 Autig.
610 556 671 611 397
695 550 753 622 [ed.
775 549 909 625 Herm.]‚
941 544 1021 631 ἄγεις
1041 546 1130 632 τήνδε
1151 554 1195 637 τῷ

122 648 237 736 τρόπῳ,
262 647 358 714 πόθεν
379 646 503 730 lapion,-
524 675 562 712 ex
576 655 619 733 τῷ
634 645 735 733 τρόπῳ
752 647 855 728 λαβὼν
876 647 965 730 τήνδ’
988 649 1078 733 ἄγεις,
1100 649 1195 716 πόθεν

121 752 228 833 λαβὼν
249 749 338 834 τήνδ’
361 749 459 833 ὅμως
496 753 577 815 Idem
596 755 630 813 iit
650 758 681 812 in
702 758 826 814 oratione
847 757 972 830 obliqua.
1016 754 1107 833 Soph.
1121 756 1194 817 Ant.

123 864 220 929 1324,
244 853 316 918 οὐδ’
341 852 399 935 dign)
422 852 491 942 ὅπᾳ,
513 852 589 938 πρὸς
611 851 736 938 πότερον
757 852 822 930 ἴδω,
844 856 874 915 h.
898 878 925 916 e.
948 851 1008 942 ὅπᾳ
1031 854 1099 936 ἴδω,
1121 855 1197 939 πρὸς

124 954 253 1042 πότερον
275 955 342 1021 ἴδω.
386 959 464 1034 Aut,
493 960 523 1018 id
552 960 628 1034 quod
646 946 757 1035 raritas,
788 958 928 1018 rhetorica
948 982 1031 1020 cansa
1052 972 1114 1035 est,
1144 961 1198 1021 hoc

122 1072 177 1140 est,
199 1063 299 1123 veleb
315 1063 415 1121 ardore
431 1064 519 1120 animi
533 1063 580 1121 vel
597 1064 632 1121 ab
645 1072 705 1121 arte
720 1064 843 1121 oratoria
860 1064 919 1121 vim
938 1063 1063 1137 aliquam
1085 1074 1197 1139 captan-

120 1175 150 1225 te
171 1165 282 1240 duplex
303 1166 488 1240 interrogatio
507 1163 705 1239 proficiscitur.
744 1162 841 1224 Huius
861 1167 974 1240 generis
996 1165 1071 1240 apud
1083 1164 1198 1226 Cicero·

119 1288 185 1326 nem
204 1288 259 1342 pro
272 1264 383 1325 Milone
399 1287 461 1341 cap.
474 1272 513 1325 14
544 1268 680 1326 eximium
694 1268 858 1340 exemplum
877 1275 986 1325 exstat:
1010 1291 1092 1346 quem
1111 1272 1139 1327 si
1152 1273 1198 1328 irc·

120 1371 259 1448 urficere
272 1368 417 1440 micuisset,
438 1383 575 1449 quantoe,
600 1372 709 1448 quotics
723 1372 895 1442 mensiones,
918 1391 1005 1447 quom
1021 1371 1200 1446 praeclarae

112 1473 269 1555 ficerunt:
302 1473 356 1530 etsi
385 1470 456 1530 haec
485 1474 580 1547 potius
609 1472 795 1546 exclamatio,
824 1492 908 1546 quam
937 1475 1120 1548 interrogatio
1141 1485 1197 1533 est.

122 1572 223 1649 Atque
243 1575 275 1632 in
295 1572 341 1632 lris
363 1576 509 1649 omnibus,
531 1583 564 1632 ut
585 1575 676 1633 obiter
696 1575 815 1648 addam,
844 1573 997 1648 particulas
1019 1573 1089 1632 diras
1110 1576 1199 1634 inter-

123 1678 269 1752 rogativas
298 1686 466 1735 commmate
492 1675 655 1734 dividendas
675 1695 739 1734 esse
763 1688 863 1750 sponte
890 1676 1070 1752 intelligitur.
1125 1674 1199 1736 Nam

124 1780 256 1855 quamvis
287 1781 375 1838 sciam
405 1780 578 1853 antiquiores
601 1776 726 1836 Graecos
745 1779 924 1852 parcissimos
945 1777 1035 1837 fuisse
1056 1780 1086 1835 iu
1107 1780 1199 1838 inter-

123 1879 295 1956 pungendo,
319 1890 414 1939 tamen
443 1901 531 1955 quum
558 1878 628 1939 haec
647 1881 826 1954 sequentium
845 1890 1006 1952 temporum
1027 1881 1200 1940 consuetudo

125 1983 343 2058 inveteraverit,
370 1993 402 2040 nt
429 1984 513 2040 istius
539 1983 616 2040 modi
638 1983 717 2057 signa
737 1979 953 2058 adhiberentur,
982 1983 1142 2056 ubicunque
1161 1985 1199 2044 iis

125 2086 242 2143 oniissis
259 2085 351 2142 lector
368 2085 418 2177 pel
438 2085 546 2141 turbari
566 2084 614 2142 vel
641 2083 781 2141 retardari
809 2093 921 2157 posset,
949 2104 1087 2158 nusquam
1114 2088 1201 2144 inter-

124 2188 308 2262 punctionem
330 2188 468 2260 aptiorem
490 2197 518 2244 et
540 2185 769 2259 opportrmiorem
790 2204 855 2242 esse
875 2194 963 2261 puto,
989 2207 1075 2260 quam
1095 2189 1126 2244 in
1147 2186 1201 2247 hoc

125 2307 233 2364 genere
252 2287 374 2362 duplicis
395 2290 632 2363 interrogationis.

190 2389 333 2450 Alterum
349 2410 439 2466 genus
458 2389 579 2464 duplicis
597 2388 822 2463 interrogationis
840 2385 894 2446 hoc
911 2407 974 2447 esse
991 2390 1120 2466 arbitror,
1141 2391 1201 2467 ubi,

127 2495 152 2554 si
166 2492 252 2550 ambo
269 2493 333 2550 eius
348 2493 473 2550 membra
490 2492 673 2565 disiunxeris,
694 2491 813 2548 alterum
831 2501 926 2548 utrum
947 2511 1077 2549 rnancnm
1099 2502 1127 2550 et
1147 2494 1202 2550 im-

128 2594 286 2669 perfectum
307 2602 368 2667 est;
390 2592 465 2667 quod
486 2604 517 2650 nt
538 2594 705 2668 expleatur,
726 2603 820 2650 mente
841 2594 890 2651 vel
911 2591 1137 2651 substituendum
1157 2603 1202 2652 est

127 2694 255 2770 aliquid,
276 2695 325 2753 vel
344 2715 459 2769 eornm,
482 2715 554 2769 quae
576 2694 696 2768 adsunt,
719 2693 828 2768 aliquid
845 2688 1060 2752 immutandum.
1104 2692 1203 2768 Atque

127 2794 213 2855 huius
243 2798 356 2872 generis
386 2817 443 2855 non
472 2796 588 2854 dubium
611 2802 680 2869 est,
701 2799 768 2870 quin
789 2797 969 2854 srrrrdementa
991 2800 1081 2871 egerit
1103 2816 1203 2855 anaco-

129 2898 249 2975 luthon,
271 2896 325 2957 hoc
346 2908 408 2971 est,
429 2900 513 2955 unius
533 2900 564 2956 in
585 2919 633 2956 eas
655 2908 749 2973 partes
771 2898 933 2974 distractio,
961 2919 1080 2972 (piarum
1102 2919 1140 2957 ex
1160 2900 1204 2958 le·

127 3001 210 3076 gibus
232 2996 423 3076 grammaticis
454 3010 552 3058 neutra
585 3021 648 3058 cum
677 3000 766 3058 altera
798 2998 954 3057 cohaereat.
1009 2998 1120 3073 Nempe
1157 2998 1204 3059 hio

132 3102 187 3160 fuit
207 3099 382 3160 Graecorum
403 3111 432 3159 et
459 3103 565 3176 ingenii
586 3105 669 3176 vigor
692 3113 721 3160 et
742 3102 870 3159 alacritas
892 3111 921 3158 et
939 3102 1054 3176 linguae
1074 3105 1152 3175 copia
1174 3111 1205 3160 et

131 3205 266 3275 ubertas,
296 3212 328 3260 ut
358 3222 495 3276 persaepe
521 3205 551 3260 in
573 3223 703 3263 sermone
733 3204 802 3262 diras
824 3204 911 3260 simul
930 3202 965 3260 ad
984 3223 1069 3260 ranam
1090 3212 1203 3261 senten·

132 3307 200 3363 tiam
218 3303 433 3379 exprimendam
454 3305 633 3378 loquutiones
655 3306 684 3362 in
705 3315 817 3378 promtu
837 3303 989 3378 habentes,
1009 3302 1061 3361 lias
1083 3303 1153 3361 duas
1173 3305 1204 3361 in

132 3426 217 3464 unam
240 3405 444 3464 confunderent
467 3416 511 3480 et,
534 3407 624 3465 altera
645 3407 739 3465 subito
761 3410 935 3480 interrupta,
965 3405 1082 3464 alteram
1104 3404 1205 3479 agglu-

133 3510 248 3566 tinatam
271 3508 482 3566 substituerent.
533 3506 591 3567 Hic
621 3519 714 3566 autem
743 3510 768 3566 si
791 3511 855 3582 quis
886 3528 949 3565 cnm
970 3509 998 3565 vi
1018 3506 1139 3580 qrradam
1160 3508 1204 3563 in·

134 3610 273 3684 terrog‘ari
294 3608 416 3684 dixerit,
443 3612 534 3683 ipsam
555 3588 674 3667 duarum
693 3610 889 3682 loquutionnm
910 3611 1132 3668 coniunctionem
1153 3623 1205 3666 ne-

135 3713 253 3787 gaverit.
305 3707 379 3769 Nam
401 3732 488 3784 quum
510 3714 623 3769 omnino
645 3713 786 3787 geminata
806 3709 891 3768 huius
912 3712 1026 3786 generis
1048 3712 1204 3783 interroga·

134 3815 172 3872 tio
194 3815 309 3888 proprie
329 3833 384 3870 una
407 3815 461 3888 sit,
491 3835 564 3888 quae
591 3834 684 3888 neque
713 3813 841 3872 consulto
862 3815 891 3869 in
914 3813 984 3870 duas
1005 3829 1138 3870 coruversa
1161 3817 1205 3866 est

135 3934 226 3990 aeque
251 3934 386 3974 conversa
404 3914 545 3988 duplicem
564 3917 732 3973 sententiam
751 3914 844 3989 habet,
867 3917 947 3972 utin
973 3916 1067 3988 priore
1089 3929 1206 3986 genere,

133 4017 183 4074 sed
211 4019 296 4074 unice
326 4016 426 4074 ardore
455 4015 629 4076 Graecorum
659 4038 691 4076 ac
721 4026 822 4093 vegeta
843 4028 957 4090 mente,
989 4037 1044 4088 qaia
1072 4014 1156 4089 plura
1175 4012 1206 4068 in

134 4138 221 4175 unum
248 4120 490 4193 permiscuerunt,
518 4119 638 4176 sormam
664 4119 782 4176 duarum
812 4118 922 4190 induit,
959 4128 1019 4174 tum
1046 4115 1116 4173 lmec
1144 4115 1206 4185 ipsa

134 4218 261 4279 duarum
273 4221 524 4296 interrogationum
545 4221 675 4280 confinio
696 4231 805 4280 tantum
826 4223 916 4296 abest,
938 4232 969 4277 ut
988 4221 1047 4278 uim
1068 4215 1209 4292 quandam

910 4315 972 4383 lii·
