2678 4816
367 372 928 451 'rfltnocrnsns-
1147 377 1212 442 125

141 572 244 650 gustiis
265 570 408 645 duplicem
427 572 502 630 viam
523 571 605 644 novi,
632 589 718 644 quam
739 570 766 629 si
785 568 980 646 ingredimur,
1006 569 1126 642 probum
1146 589 1213 630 sen·

141 695 207 735 snm
229 675 392 748 accipimus.
435 671 563 747 Utraque
582 681 678 730 saitem
696 676 834 731 consentit
861 673 891 729 in
912 693 969 747 eo,
997 679 1029 728 ut
1056 663 1091 731 ὃν
1119 676 1212 732 corri-

141 787 242 852 gatur,
264 774 340 849 qarod
361 777 418 834 iam
439 776 475 833 ob
497 777 643 833 metricam
663 776 803 833 rationem
821 776 954 832 vitiosum
976 783 1030 832 cst.
1075 771 1139 832 Una
1156 786 1211 854 est,

141 887 174 935 ut
194 897 257 936 cnm
279 874 443 935 Hermanno
464 878 652 951 recipiamus,
681 876 757 950 quod
785 877 815 933 in
844 875 926 934 codd.
948 873 1060 934 Harlei.
1093 886 1122 935 et
1142 875 1214 936 Flo·

141 987 216 1036 rent.
237 987 347 1053 exstat,
380 965 431 1038 ὧν
455 972 648 1054 αὐδῶμαι.
693 973 752 1036 Sed
780 987 840 1035 tum
869 961 912 1037 ὧν
940 997 997 1034 non
1027 997 1091 1037 esse
1118 980 1215 1039 subic-

143 1092 220 1140 ctnm
248 1089 277 1137 et
302 1079 338 1137 ad
363 1077 483 1139 Atridas
518 1081 731 1152 exercitumque
759 1099 893 1154 graecum
927 1079 1028 1138 referri
1059 1080 1215 1154 putandum

92 1174 206 1258 fest,
228 1181 280 1241 sed
302 1201 366 1240 csse
386 1183 525 1247 obiectum
546 1191 630 1254 atque
651 1180 811 1256 significare
833 1202 888 1256 ea,
919 1201 956 1241 ex
987 1183 1089 1256 quibus
1110 1177 1214 1263 γνώμη

141 1289 200 1345 ista
218 1294 335 1344 constat.
378 1283 422 1343 lta
443 1302 544 1342 sensim
566 1293 660 1343 esset:
682 1286 757 1355 scis,
780 1304 901 1362 quorum
922 1279 1039 1356 dicum,
1067 1287 1094 1343 si
1113 1282 1216 1345 dorum

134 1385 356 1470 faciundorum
376 1383 431 1443 tibi
451 1388 592 1444 sementia
613 1398 664 1443 est.
707 1383 743 1443 ln
762 1406 816 1460 qua
838 1385 1027 1459 explicatione
1048 1384 1102 1446 boc
1121 1389 1216 1448 solum

144 1489 394 1564 exprobraverim‚
416 1487 493 1562 qnod
512 1507 569 1544 non
589 1490 630 1546 ita
651 1487 726 1546 clare
747 1487 873 1562 loquitur
896 1490 999 1562 poeta,
1032 1489 1073 1546 nti
1094 1488 1137 1547 sas
1159 1500 1215 1549 est.

143 1590 250 1652 Altera
278 1593 325 1648 ria
353 1599 414 1664 est,
444 1598 475 1646 ut
503 1589 682 1665 scribamus,
716 1588 792 1663 quod
821 1610 877 1647 non
908 1590 948 1648 ita
983 1591 1060 1650 clare
1086 1591 1214 1666 loquitur

143 1697 247 1769 poeta,
268 1694 311 1750 nti
331 1693 375 1750 fas
397 1701 449 1751 est.
492 1688 599 1749 Altera
620 1692 667 1750 via
696 1701 754 1767 est,
785 1701 818 1749 nt
845 1693 1020 1766 scribamus,
1050 1692 1126 1768 qrrod
1153 1696 1216 1768 qui·

144 1796 212 1855 dem
238 1815 380 1868 nusquam
408 1793 546 1866 scriptum
567 1803 679 1869 exstat,
708 1792 760 1853 sed
790 1792 867 1868 quod
895 1797 1020 1853 omnium
1048 1795 1218 1854 facillimum

146 1908 193 1957 est
214 1899 382 1969 immutato,
405 1886 450 1952 δν
473 1889 636 1970 αὗδίῦμα
647 1917 668 1953 ι.
712 1892 777 1952 Hoc
788 1897 881 1968 potnit
893 1905 951 1954 tam
971 1896 1056 1955 facile
1072 1898 1121 1957 vel
1134 1898 1218 1973 lapsu

143 2000 196 2059 ¹vel
216 2000 346 2058 consulto
367 1999 397 2055 in
424 1978 562 2054 librorum
585 1999 754 2071 scripturam
783 1990 817 2056 δν
844 2001 986 2072 corrumpi
993 2044 1001 2072 ,
1031 2009 1063 2057 ut
1092 2001 1149 2058 iam
1179 2020 1218 2060 ex

145 2100 201 2160 hoc
222 2111 302 2176 parte
322 2101 476 2158 maximam
497 2097 767 2158 commendationem
787 2097 898 2158 lrabeat.
941 2097 1016 2158 Nam
1046 2111 1074 2159 et
1094 2102 1176 2159 litera
1197 2123 1218 2160 a

146 2204 232 2279 plane
253 2202 333 2261 nullo
364 2203 478 2277 negotio
499 2202 529 2258 in
557 2221 573 2260 o
602 2201 680 2258 abire
709 2203 800 2274 potuit
829 2212 950 2276 srmtqne
979 2203 1120 2261 innumeri
1148 2203 1219 2280 loci,

145 2306 197 2365 nbi
224 2307 254 2362 in
282 2303 362 2362 codd.
391 2302 490 2361 ambae
515 2302 613 2360 literae
643 2312 828 2361 commutatae
860 2313 943 2378 sunt,
980 2313 1009 2362 et
1036 2325 1105 2363 vero
1134 2307 1219 2364 etiam

145 2408 295 2484 probabile
316 2416 360 2464 est
390 2406 540 2480 librarios,
572 2405 620 2478 qui
648 2405 734 2462 verba
759 2398 873 2463 ταυτδν
894 2397 992 2484 τούτῳ
1013 2399 1137 2484 γνώμαν
1165 2429 1218 2482 pro

145 2503 202 2586 τὴν
224 2501 318 2585 αὐτὴν
338 2500 435 2587 τούτῳ
458 2499 580 2585 γνώμην
601 2515 764 2581 sumerent,
794 2507 942 2580 scripsisse
964 2500 1016 2582 ὃν,
1048 2507 1123 2581 quod
1154 2529 1219 2567 cnm

147 2611 333 2686 sequentibus
361 2609 464 2668 melius
496 2628 650 2684 congruere
678 2601 868 2682 opinarentur.
912 2605 971 2666 Sed
1004 2610 1091 2668 etiam
1117 2630 1219 2671 sensus

146 2714 214 2784 loci,
237 2713 263 2771 si
284 2712 390 2786 legitur
411 2705 460 2787 δν,
483 2712 605 2785 optimus
626 2711 683 2768 iam
703 2709 738 2768 lit
758 2719 843 2783 atque
862 2710 1032 2768 facillimus:
1053 2714 1111 2771 scis
1130 2716 1219 2789 enim,

147 2812 229 2896 quod
245 2812 361 2886 dicam,
384 2809 483 2898 si'hoc
504 2809 571 2871 lanio
598 2809 751 2917 [ΗΙγσσῇ.
774 2811 925 2870 consilium
944 2810 1041 2872 dobes.
1085 2811 1124 2872 Et
1154 2835 1221 2888 per-

147 2918 348 2977 suasissimum
369 2911 459 2972 babeo
481 2911 655 2987 Sophoclem
676 2915 906 2988 descripsisse,
936 2917 1104 2988 pracsertim
1132 2938 1219 2991 σιιιισι
1276 2971 1284 2986 ,

147 3021 264 3095 longam
286 3027 350 3075 ante
373 3010 513 3091 αὗδῶμαι
535 3016 679 3092 syllabam
700 3015 815 3073 affuisse
837 3036 875 3073 ex
894 3015 1025 3090 strophae
1046 3039 1131 3076 vorsu
1154 3039 1221 3092 per-

148 3123 302 3195 spiciatur,
322 3137 375 3176 nec
398 3119 557 3175 coniectura
579 3119 695 3192 cogitari
715 3118 806 3192 possit
826 3127 855 3175 ct
875 3116 986 3176 facilior
1015 3129 1044 3179 et
1072 3119 1108 3179 ad
1135 3121 1219 3179 resti·
1265 3128 1269 3134 '

150 3222 425 3284 sinemurensem
447 3220 548 3293 aptior.
592 3215 786 3277 Scriboniano
809 3219 906 3277 locmn
925 3220 982 3278 ita:

331 3316 402 3380 ἀλλ’
426 3312 471 3380 δτι
496 3313 572 3404 δύνᾳ
624 3401 630 3407 ¹

328 3414 494 3501 μάννστσν,ι
516 3413 594 3481 κεῖνό
611 3441 664 3496 μοι
670 3467 680 3495 ,
704 3425 782 3479 κεῖνο
804 3413 904 3504 λάθρ’

332 3523 441 3597 ἓξιδσδ,
465 3517 547 3593 ὅπως
571 3515 726 3602 πράξεις’.

334 3618 428 3685 οἶσθα
449 3620 507 3704 γὰρ
531 3618 569 3683 δν
594 3620 748 3700 addulam,

333 3719 496 3787 εἶταύταν
516 3719 614 3806 τούτῳ
635 3719 758 3804 γνώμαν
780 3719 882 3802 ἴσχεις,
903 3758 922 3777 -.

220 3854 235 3889 a
304 3862 308 3869 ·
333 3822 418 3906 μάλα
441 3848 487 3886 τοι
509 3820 610 3906 ἄπορα
632 3832 766 3897 νινκινσῖς
788 3825 892 3887 ἐνιδεῖν
912 3820 1010 3907 πάθη.

116 3956 125 3979 ·
152 3927 267 4010 Quibus
288 3931 462 4005 respondent
480 3933 509 3988 in
531 3928 663 4004 stropha:

192 4030 198 4039 ‘
332 4019 496 4099 ὧτὲκνον,
520 4024 587 4107 δρα,

332 4135 392 4193 ποῦ
414 4126 534 4207 στάσει,
557 4138 613 4191 noi
630 4128 665 4192 δέ
682 4153 736 4209 μοι
757 4126 921 4194 τάντεῦθεν

169 4268 180 4289 5
243 4288 247 4303 ,
334 4233 508 4317 φροντίδος.
552 4226 627 4320 δρᾷς
646 4228 720 4314 ἤδη.
793 4272 801 4281 ‹-
