2676 4806
461 740 490 814 G
516 766 544 815 s
570 769 592 814 u
618 765 646 816 u
673 769 697 813 r
749 741 799 816 Π.

267 904 568 1025 oramus
587 946 589 952 ¹
607 935 1007 1028 uranuuus

585 1305 697 1383 Μ..

88 1432 143 1523 V.
161 1467 321 1538 1181sqq
342 1458 413 1521 haec
440 1459 576 1537 legantur
601 1460 689 1521 verba
716 1457 806 1521 Ghori
829 1462 994 1522 inanitatem
1024 1460 1166 1524 hnmanae

91 1565 168 1625 vitae
187 1566 341 1624 cantantis.

247 1666 252 1675 '
326 1662 374 1736 τίς
392 1657 509 1743 γὰρ,τ
490 1656 576 1735 τ’ίς
558 1657 635 1744 ανὴρ
655 1659 747 1726 πλέον

325 1767 383 1838 τᾶς
404 1760 599 1842 εὐδαιμονίας
621 1761 715 1846 φέρει,

324 1861 514 1947 ἢτοσοῦτον
536 1859 608 1928 ὅσον
630 1866 729 1929 δοκεῖν

28 2022 31 2027 .
326 1991 377 2029 ναι
369 1962 524 2040 δόξαντ’
547 1964 725 2048 laesurae,-

86 2072 174 2147 Fnit,
202 2093 291 2148 quum
311 2072 349 2132 de
372 2069 431 2131 lroe
458 2072 522 2130 loco
550 2069 709 2146 Lipsiae
699 2093 729 2130 m
760 2066 906 2132 Societate
934 2069 1062 2152 Gnaeos,
1091 2095 1165 2150 qrrae

87 2173 246 2235 Hennamri
266 2173 427 2234 Clarissimi
453 2173 596 2248 praesidio
623 2174 725 2249 floret,
756 2174 941 2249 disputarem.
997 2173 1092 2235 Tunc
1106 2180 1162 2245 etsi
1190 2220 1200 2261 Ι,

89 2279 227 2338 sentmtia
251 2297 333 2352 mea,
362 2296 435 2351 quae
463 2274 563 2334 eadem
582 2273 742 2352 lllusgravii
765 2286 818 2350 est,
839 2292 933 2350 neque
955 2270 1083 2337 Praesidi
1103 2275 1164 2355 111„

86 2399 179 2454 neque
199 2380 246 2454 ei,
269 2381 319 2454 qni
339 2377 518 2437 adversarius
540 2377 611 2436 mihi
630 2380 801 2439 constitutus
821 2388 897 2452 erat,
921 2380 1163 2456 comprobabatur,

86 2491 180 2541 umen
201 2482 284 2540 illam
303 2479 398 2540 adhue
419 2500 477 2538 non
499 2482 580 2554 potui
600 2481 722 2540 abiicere
749 2482 805 2554 ita,
835 2490 868 2539 ut
893 2500 950 2540 non
979 2482 1071 2541 denuo
1100 2498 1172 2542 eam·
1233 2512 1238 2521 ·

84 2585 115 2643 in
135 2585 232 2644 lucem
251 2580 418 2658 protrahere
442 2592 558 2642 conatus
579 2583 653 2658 sim,
674 2592 783 2643 mutato
805 2581 939 2657 quidem,
961 2585 988 2643 si
1008 2585 1076 2660 qnid
1096 2594 1185 2645 tuno'

84 2687 181 2744 ιιιίοιιιι
201 2686 250 2745 rel
269 2685 346 2744 clare
366 2685 416 2744 vel
436 2686 527 2760 perite
548 2683 722 2759 disputatum
741 2705 806 2745 esse
834 2684 988 2745 uideretur.
1040 2684 1162 2764 Nempe,

85 2796 211 2847 annecto
229 2784 417 2863 Mnsgravio,
444 2787 496 2862 qui
522 2783 621 2847 δονεῖν
641 2790 681 2851 ,in
704 2787 805 2863 glorio
825 2791 938 2847 ueremi
958 2777 1162 2864 interpretatus

85 2899 164 2964 erat,
194 2887 362 2948 Erfurdtius
390 2889 421 2946 in
441 2886 495 2947 hae
515 2908 587 2948 vooe
607 2883 802 2964 εὐδαιμονίαν
823 2884 925 2969 φέρειν
945 2911 963 2950 ο
982 2890 1163 2965 praecedeuti

83 3011 170 3052 versu
189 2991 416 3051 subandiendum
436 3009 501 3050 esse
519 2999 631 3065 monet,
664 3011 786 3065 eumque
813 2992 865 3050 alii
892 2993 947 3052 viri
975 2993 1051 3054 docti
1072 2994 1163 3054 sensti

84 3104 152 3155 suut
171 3103 331 3153 vertentes:
355 3095 420 3173 quis
435 3089 581 3152 hominnm
596 3091 669 3167 plue
681 3096 867 3173 consequitor
878 3094 1052 3176 felicitatis,
1074 3116 1161 3173 αναμι

82 3209 116 3254 ια
137 3193 273 3255 videmur
292 3193 350 3255 eibi
370 3188 471 3255 becuns
491 3217 569 3272 eoae,
590 3217 734 3275 quousque
755 3200 833 3256 visus
853 3211 913 3273 est,
945 3195 989 3256 nd
1008 3196 1161 3256 calamito-

82 3311 140 3356 tem
160 3311 272 3372 vergat.
323 3297 370 3356 De
400 3289 472 3357 ὅσον
494 3319 546 3372 pro
569 3290 642 3368 ὥςτε
664 3308 693 3357 et
712 3298 748 3358 tle
768 3293 926 3359 ἀποκλῖναι
947 3299 1072 3358 neutrali
1092 3319 1160 3358 sen·

82 3417 119 3458 su
140 3400 232 3473 posito
253 3420 310 3457 nou
332 3399 462 3459 dubium.
511 3398 560 3459 De
585 3401 673 3459 verbo
695 3398 793 3461 δοκεῖν
814 3410 910 3461 autem
931 3402 1091 3460 etiamnunc
1111 3419 1161 3459 ve-

82 3521 166 3576 reor,
194 3522 232 3560 ne
259 3499 445 3577 Musgravius
474 3503 633 3562 rectissime
661 3505 859 3578 interpretatus
880 3502 978 3561 suerit.
1028 3498 1078 3560 Ac
1100 3503 1160 3576 pri·

80 3623 161 3661 mum
183 3613 271 3662 totam
291 3606 478 3676 seutentiam,
506 3624 579 3680 quae
606 3602 745 3663 Erfurdtii
766 3606 997 3679 interpretatione
1024 3602 1160 3680 eflicitur,

81 3722 157 3799 uffo
179 3706 306 3789 legitime
324 3727 357 3765 ac
379 3716 455 3765 reete
476 3716 552 3765 stare
571 3725 665 3781 posse.
720 3704 784 3766 Aut
811 3709 888 3766 enim
914 3707 966 3765 ille
988 3700 1139 3765 δοκῶν’
1108 3726 1159 3764 av:

81 3803 245 3883 δαιμονίαν
267 3804 383 3888 φέρειν,
409 3828 496 3883 quem
514 3818 701 3868 memoratum
723 3810 860 3868 volunta
881 3806 1036 3883 Sophocle,
1057 3829 1160 3869 renero

71 3909 168 3991 feline
190 3919 252 3982 est,
281 3920 330 3969 aut
356 3920 415 3969 tota
442 3913 579 3971 sententia
598 3931 733 3984 perversa
755 3908 1160 3971 est.Iams1illerevera

80 4010 154 4069 felix
175 4022 233 4087 est,
256 4012 392 4088 obsecro,
424 4014 522 4087 quidni
551 4015 635 4086 poita
657 4014 750 4070 solnm
773 4007 967 4087 εὐδαιμονίαν
989 4008 1090 4092 φέρειν
1111 4012 1159 4072 uel

80 4113 141 4172 tale
161 4113 229 4189 quid
253 4116 393 4188 posuerit,
416 4114 468 4173 sed
488 4116 685 4174 inanissimum
706 4115 795 4191 illud,
824 4136 860 4173 ne
889 4112 983 4201 dicam
1010 4116 1157 4188 ineptissi-

81 4235 161 4276 mum
183 4214 282 4277 δοκεῖν
302 4217 542 4294 agglutinaveriti
562 4217 638 4294 ‹pmd
658 4218 776 4294 iusuper
796 4219 837 4278 ita
857 4226 902 4279 est
920 4217 1106 4299 collocatum,
1127 4224 1159 4274 ut
