2678 4816
476 339 851 404 AN'l'lGONA.
1155 341 1199 411 1⁵

127 528 246 593 modum
264 529 413 591 excellens
430 527 599 591 exercendo
620 544 694 589 arte.
748 527 846 610 Σοφοὶ
867 529 951 604 αραᾶ·
963 526 1086 591 (ἲααεοοτ
1107 542 1198 609 erant,

127 636 291 710 qrricunqne
312 635 341 690 in
364 642 423 691 arte
446 633 540 706 aliqua
559 633 607 692 vel
628 631 741 707 opificio
764 632 959 705 excellebant,
990 652 1007 689 a
1027 628 1201 693 nostratibus

127 737 249 795 termino
268 732 397 793 technico
418 735 510 793 vocati
532 732 707 805 sesamam
734 732 799 792 hinc
828 728 925 812 σοφὸν
954 736 1087 809 insigne,
1102 755 1197 809 proe-

126 836 243 897 cellcns.
286 834 457 915 Quaeritur,
487 836 546 893 utri
565 836 620 893 ista
641 837 780 895 sententia
800 837 891 919 tnagis
914 836 1078 911 conveniat,
1107 838 1197 896 artine

125 938 254 997 medicae
268 935 426 1012 hominum,
447 957 484 994 an
498 937 677 995 mutabilitati
697 957 818 995 morum.
861 934 1031 1012 Responsio,
1053 937 1150 1014 credo,
1166 940 1198 999 in

126 1049 242 1114 promtu
263 1049 326 1098 est:
357 1039 421 1113 quis
441 1040 517 1096 enim
548 1048 633 1114 neget
661 1049 752 1096 artem
772 1059 836 1096 cum
857 1048 917 1097 arte
938 1040 1061 1097 maxime
1083 1032 1216 1098 concor-¹

126 1141 214 1216 dare,
242 1150 331 1199 artem
351 1148 380 1198 et
398 1159 493 1198 mores
515 1150 610 1198 contm
630 1141 716 1215 plane
737 1159 801 1199 esse
831 1132 993 1218 ἑτερογενῆ.
1045 1137 1108 1217 Ego
1140 1141 1198 1200 sal-

126 1240 191 1310 tem¹
208 1244 249 1301 sic
270 1243 378 1314 sentio,
408 1241 494 1300 verba
514 1244 569 1300 ista
589 1235 686 1323 σοφόν
705 1263 733 1301 τι
755 1234 790 1300 τὸ
817 1233 968 1317 μηχανόεν
994 1236 1101 1318 τέχνας
1121 1235 1197 1320 ἔχων

130 1324 194 1404 non
209 1346 303 1402 minus
323 1345 406 1419 bene,
428 1364 514 1417 quam
533 1342 609 1420 huic,
630 1364 702 1418 quiae
722 1363 833 1401 morum
854 1343 1039 1401 mobilitatem
1049 1345 1199 1422 contineat,

125 1448 179 1505 alii
200 1446 315 1505 cuilibet
336 1448 491 1504 sententiae
513 1445 717 1505 accommodari
736 1447 881 1520 potuisse,
912 1455 1024 1521 contra,
1054 1447 1145 1506 sicubi
1166 1448 1197 1506 in

125 1545 181 1607 hoc
203 1544 297 1606 Chora
318 1536 601 1622 dovvttzm'posita
622 1546 674 1606 illa
693 1548 877 1623 legerentur,
906 1549 1048 1606 neminem
1075 1568 1133 1606 non
1152 1549 1198 1606 in·

126 1649 307 1708 tellecturum
326 1668 390 1707 esse
411 1667 474 1707 eam
495 1669 560 1709 esse
580 1651 703 1708 maxime
725 1649 912 1724 sententiam,
932 1670 1005 1723 quiae
1026 1659 1115 1708 artem
1135 1670 1197 1709 me·

124 1748 218 1809 dicam
240 1750 450 1824 complectatur,
472 1772 592 1825 quacum
612 1751 663 1809 illa
682 1753 822 1826 insignem
842 1751 874 1808 in
887 1749 1003 1809 modum
1019 1749 1196 1812 cohaereant.

124 1848 206 1932 Quid
227 1853 321 1927 enim,
353 1853 489 1927 obsecro,
518 1850 589 1929 hoc,
621 1851 697 1927 quod
725 1851 810 1911 modo
838 1852 905 1911 boni
933 1853 1019 1912 modo
1039 1854 1110 1912 mali
1130 1862 1197 1914 sunt

124 1951 274 2031 homines,
297 1956 396 2013 attinet
417 1953 454 2012 ad
473 1954 558 2030 illud,
581 1954 659 2029 qrrod
679 1954 717 2012 ad
737 1954 910 2013 exercendas
932 1966 1007 2015 artes
1026 1956 1197 2032 ingeniosis-

125 2058 191 2115 simi
213 2059 301 2114 sunt?
330 2054 442 2114 Rursus
463 2056 531 2130 quid
551 2058 655 2115 rectius
670 2076 702 2115 ac
720 2058 900 2131 compositius
914 2056 970 2115 dici
984 2066 1087 2134 potest,
1110 2078 1195 2132 quam

123 2155 255 2217 homines
274 2158 438 2216 morborum
458 2157 583 2217 remedia
602 2159 744 2217 invenisse
767 2167 865 2232 utpote
890 2169 950 2217 arte
977 2169 1061 2234 atque
1078 2161 1195 2219 solertia
1225 2230 1230 2239 ,

124 2261 249 2318 maxime
270 2259 435 2334 praeditos?
463 2260 564 2334 Itaque
586 2270 618 2319 ut
640 2261 764 2335 aperiam
785 2259 914 2333 tandem,
937 2259 1012 2334 quod
1032 2261 1116 2336 volo,
1138 2271 1195 2321 stat

123 2359 196 2419 mihi
216 2360 357 2436 iungenda
379 2382 443 2421 esse
464 2362 550 2421 verba
572 2353 668 2442 σοφόν
689 2383 717 2421 τι
739 2355 774 2430 τὸ
802 2353 955 2439 μηχανόεν
983 2356 1089 2438 τέχνας
1118 2355 1193 2444 ὑπὲρ

124 2457 223 2523 c'lrzld‘
244 2455 320 2539 ἔχων
341 2484 404 2522 cum
423 2464 500 2539 illis,
528 2454 624 2522 νόσων
646 2456 810 2541 ἀμηχάνων
830 2456 930 2543 φυγὰς
951 2459 1193 2544 ξυμπέφρασται,

123 2576 153 2625 et
172 2574 240 2639 post
260 2558 346 2641 ἔχων
359 2565 472 2624 demum
483 2567 577 2640 ,plene
595 2563 861 2642 interpungendum,
883 2575 915 2623 ut
935 2564 1001 2624 inde
1017 2586 1035 2625 a
1052 2561 1193 2643 πατὲμέν

123 2687 198 2726 nova
218 2667 303 2741 plane
325 2666 457 2742 deinceps
477 2669 616 2726 sententia
629 2667 800 2741 proferatur.
843 2665 927 2726 Nunc
942 2669 1036 2726 omnia
1050 2669 1194 2743 praeclare

123 2769 284 2827 concinunt.
336 2766 397 2828 Nec
427 2768 546 2844 desunt,
576 2789 649 2842 quae
677 2769 844 2827 sententiam
866 2779 990 2827 nostram
1018 2770 1192 2831 confirment.

122 2866 171 2929 Ac
191 2871 316 2945 primum
336 2869 449 2944 quidem
472 2867 662 2944 Sophoclem,
694 2871 866 2946 tragIcorum
890 2879 950 2928 tam
977 2871 1059 2930 facile
1085 2875 1194 2947 princi-

122 2992 208 3047 pem,
230 2973 281 3029 vix
302 2972 423 3030 arbitror
443 2973 475 3029 in
494 2968 548 3029 hoc
568 2974 693 3031 maxime
715 2969 829 3046 Chora,
851 2993 908 3046 quo
928 2971 1005 3031 haud
1025 2973 1109 3033 facile
1130 2975 1192 3035 ele·

120 3074 281 3150 gentionem
302 3071 455 3146 exhibeas,
485 3074 680 3132 concinnitatis
701 3095 734 3132 ac
753 3076 944 3148 proportionis
966 3084 1023 3133 tam
1043 3076 1193 3151 neg-ligen—
1229 3078 1232 3085 ’
1265 3118 1268 3129 ·

120 3184 180 3234 tem
198 3175 306 3251 fuisse,
329 3184 360 3233 ut
387 3174 555 3234 medicinam
583 3174 729 3234 hominum
757 3185 877 3251 quatuor
905 3177 999 3236 verbis
1026 3177 1193 3254 absolverit,

120 3297 236 3337 morum
257 3286 354 3336 contra
372 3279 573 3337 inconstantiae
594 3287 704 3352 septem
724 3298 814 3352 paene
833 3298 932 3338 versus
955 3277 1116 3353 donaverit,
1140 3279 1192 3338 ad-

120 3381 232 3455 spersis
259 3381 443 3454 praesertim,
473 3399 545 3454 quae
573 3398 779 3453 supervacanea
807 3389 892 3455 atque
918 3382 1013 3456 inepta
1032 3381 1194 3443 rideantura

120 3478 177 3545 cui
198 3483 315 3555 vitiosi
335 3480 497 3541 adhibueris
517 3481 670 3557 medelam,
691 3501 775 3555 qrram
796 3483 883 3556 suasi,
904 3483 1093 3555 proportionis
1114 3493 1191 3542 certe

120 3583 233 3661 aliqsnd
253 3586 414 3643 restitutum
435 3585 499 3643 erit.
542 3582 656 3642 Deinde
676 3603 732 3641 non
752 3583 836 3657 plane
855 3582 991 3641 mittenda
1011 3593 1056 3642 est
1076 3586 1191 3659 opposi-

120 3687 241 3783 Ἀβία
260 3686 463 3745 vocabulorum
484 3679 648 3763 ἀμηχάνων
673 3696 702 3745 et
721 3676 890 3762 μηχανόενε
911 3705 984 3759 quae
1005 3687 1116 3745 etiarnsi
1133 3708 1191 3746 non
1269 3709 1272 3714 ·

120 3778 281 3864 iffurgeri
301 3788 400 3861 debet,
421 3797 454 3846 ut
473 3807 535 3846 rem
553 3786 668 3845 dubiam
689 3786 830 3862 decernat,
850 3784 905 3845 hoc
926 3796 1020 3846 tamen
1040 3788 1191 3848 ostendere

121 3889 253 3964 videtur,
283 3892 502 3962 enunciamus,
533 3891 564 3947 in
584 3890 687 3963 qrribus
705 3892 797 3964 posita
817 3898 901 3963 srmt,
933 3890 1046 3949 vinculo
1067 3889 1190 3965 mnodum

119 3990 191 4051 inter
212 4010 246 4051 se
268 3990 414 4051 devinciri.
462 3987 558 4050 Habet
583 4012 669 4065 porro
696 3992 754 4049 iam
775 3989 905 4049 Triclinii
925 3993 1051 4051 recensio
1070 3991 1190 4053 eandem

120 4091 348 4169 distinctionem,
376 4114 462 4168 quam
480 4094 631 4168 proposui3
663 4102 692 4152 et
712 4093 788 4169 quod
810 4092 997 4257 idemff
1018 4104 1083 4169 post
1103 4096 1190 4152 inter·

122 4196 236 4269 solavit,
245 4193 298 4255 καὶ
319 4190 378 4277 γὰρ
398 4205 463 4270 ante
484 4189 556 4256 ποτὲ
575 4189 631 4273 μὲν
653 4186 763 4272 κακόν,
790 4192 865 4273 hoc,
910 4174 936 4212 Ἰ

934 4202 937 4207 ’
964 4186 973 4193 ”
990 4198 1053 4273 ipse
1072 4204 1189 4274 propter
1293 4238 1295 4243 ,
