2678 4816
486 372 792 467 ‚aran
1169 374 1215 444 45

138 577 253 629 nantem
267 575 375 625 tannim
387 561 507 625 Atridas
528 566 615 625 simul
628 562 768 643 Ulyssem
788 565 939 643 detestari3
965 564 1102 644 Ulyssem
1118 581 1213 632 autem

139 670 255 745 quidam
275 668 389 728 tradunt
411 689 428 726 a
449 665 596 744 Telegono
616 668 677 727 filio
699 689 750 743 per
770 668 990 743 imprudentiam
1006 675 1213 751 occisumesse,

139 775 180 831 ita
200 782 232 830 ut
253 770 320 830 huic
339 770 453 844 quidem
476 773 624 829 conveniat
639 770 712 829 illud
727 766 803 850 πρὸς
823 772 884 830 τῶν
906 769 1051 852 φιλόστων
1074 768 1219 855 ἐκγόνων..

138 871 185 933 At
204 894 297 948 neque
317 871 370 931 hac
391 892 424 931 re
444 871 597 946 quidquam
617 872 750 933 efficitur.
793 869 912 932 Manent
938 877 1012 933 enim
1034 877 1173 950 Atridae,
1196 900 1214 938 a
1236 892 1241 907 ¹

140 977 244 1050 quibus
265 974 296 1033 id
316 993 433 1048 prorsus
455 972 603 1048 abhorret,
633 980 822 1051 urnamquam,
851 998 939 1051 qivaim
962 979 1018 1051 ipsi
1047 981 1213 1039 nominatim

140 1078 352 1137 commemorati
381 1078 451 1151 siut,
482 1079 568 1134 etiam
596 1078 758 1136 vaticinium
779 1081 943 1136 nominatim
972 1080 1002 1136 in
1030 1099 1080 1138 eos
1112 1081 1214 1140 eadere

139 1178 268 1238 deberet.
310 1176 368 1238 Hic
387 1199 444 1237 non
463 1179 643 1252 complector,
666 1200 721 1252 qrro
742 1189 824 1253 pacto
843 1178 1024 1241 Hermannus
1046 1183 1214 1256 praedictio·

140 1301 208 1340 nem
228 1278 330 1339 Aiacis
360 1282 400 1338 ita
429 1281 585 1356 intelligat,
615 1290 648 1339 ut
676 1280 710 1338 ad
732 1278 979 1356 Agamemnonem
1007 1284 1101 1341 solum
1131 1283 1214 1365 φιλί-

139 1402 231 1456 στων,
255 1383 292 1441 ad
313 1380 440 1441 Ulissem
460 1376 588 1462 ἐκγόνων
609 1384 787 1457 potissimum
807 1386 963 1460 reseratur,
994 1407 1063 1461 ergo
1096 1390 1213 1445 coniun-

140 1495 186 1545 cta
207 1484 279 1545 haec
299 1485 335 1544 ad
355 1495 518 1560 utrumque.
562 1483 607 1544 lta
630 1485 755 1560 prolecto
787 1487 980 1546 defensionem
1002 1487 1120 1547 haberet
1140 1492 1213 1548 vati-

139 1589 255 1647 cinatio.
298 1585 344 1647 At
366 1583 512 1667 φιλίπων
534 1579 662 1664 ἐκγόνων
682 1608 743 1645 anu
764 1597 809 1647 est
829 1591 917 1664 notio,
939 1610 1010 1664 quae
1031 1591 1111 1648 nullo
1127 1592 1213 1649 modo

139 1692 180 1748 ita
201 1690 301 1749 divelli
321 1699 428 1765 potest,
448 1698 482 1749 ut
500 1688 538 1747 ad
557 1689 646 1746 alienu
667 1698 725 1746 tota
742 1693 901 1767 pertineat,
930 1691 966 1750 ad
996 1692 1083 1750 alium
1104 1704 1213 1752 tautum

99 1870 102 1879 Ι
138 1814 208 1871 pars
230 1796 310 1868 eius,
331 1792 383 1852 sed
404 1811 520 1851 necesse
542 1800 595 1866 est,
618 1811 784 1865 quocunque
803 1793 960 1868 reseratur,
983 1796 1122 1854 reseratur
1143 1806 1212 1873 tota,

110 1897 208 1973 *quia
229 1895 368 1971 diremta,
397 1895 476 1953 velut
496 1893 657 1952 aedilicimn
678 1895 818 1953 subtracta
840 1897 946 1972 trabea,
979 1898 1110 1957 concidit.
1153 1897 1213 1958 Re·

139 1998 233 2059 fertur
253 2000 340 2074 igitur
361 1996 397 2056 ad
418 1994 668 2071 Agamemnonem
690 2018 801 2071 quoque
822 2009 913 2056 totum
935 1993 1010 2078 πρὸς
1040 2000 1102 2059 τῶν
1131 1999 1213 2082 put·
1320 2072 1326 2081 Ι

142 2122 222 2162 octor
262 2092 400 2179 ἐκγόνων.
444 2096 506 2177 Qui
542 2119 630 2172 quarm
656 2099 696 2157 sit
721 2100 837 2157 minime
875 2102 905 2156 iu
932 2111 1078 2175 posterum
1104 2123 1120 2160 a
1150 2103 1213 2162 filio

140 2205 326 2277 interfectus,
373 2202 501 2276 seqrritur
535 2199 571 2258 de
623 2221 658 2259 eo
699 2200 815 2276 quidem
850 2200 906 2260 hoc
942 2205 1104 2262 vaticinium
1148 2205 1213 2264 fieri

141 2327 199 2366 non
217 2307 355 2380 pomisse.
400 2301 488 2362 Adde
520 2304 596 2362 idem
617 2323 709 2378 neque
730 2306 760 2360 in
780 2300 945 2361 Menelaum
978 2304 1133 2379 qrradrare,
1166 2308 1213 2366 cui

141 2428 285 2484 postquam
306 2427 323 2465 a
344 2406 405 2465 filio
426 2406 507 2464 illata
534 2426 612 2464 mors
640 2415 693 2464 est.
736 2403 839 2481 Ulyssi
869 2386 962 2464 autem
990 2407 1044 2464 soli
1066 2408 1213 2468 vaticinari

141 2508 273 2583 Aiacem,
305 2510 355 2584 qui
376 2509 455 2567 solus
475 2506 599 2566 hicnon
621 2509 792 2583 nominatur,
814 2517 931 2584 contra,
952 2510 1001 2582 qui
1021 2512 1212 2584 nominantur,

140 2610 256 2672 Atridis
278 2631 344 2670 eum
373 2632 431 2668 non
450 2611 596 2668 vaticinari
627 2609 779 2684 singularis
807 2620 883 2669 esset
912 2620 942 2669 et
962 2607 1098 2685 Sophocli
1119 2613 1213 2671 uenti·

141 2734 227 2791 quam
249 2711 414 2788 imputanda
434 2713 572 2772 confusio.
616 2709 714 2770 Sensit
732 2709 788 2769 hoc
808 2708 1010 2788 Musgravius,
1032 2734 1119 2786 quirun
1140 2714 1213 2772 bene

140 2815 256 2892 quidem
275 2816 402 2890 opinioni
419 2834 499 2889 suae,
519 2816 620 2889 poe'tae
638 2833 707 2872 vero
727 2815 852 2887 pessime
872 2815 1011 2872 coniecit:
1047 2809 1123 2893 πρὸς
1150 2814 1212 2874 τῶν

142 2916 300 3001 pellectos,
323 2908 451 2995 ἐκγόνων
469 2935 519 2988 τε,
544 2913 600 2973 hoc
620 2925 652 2974 ut
683 2914 719 2973 ad
747 2913 885 2991 Ulyssem
909 2924 940 2974 et
967 2917 1046 2990 prius
1073 2917 1147 2976 illud
1174 2916 1213 2976 ad

140 3019 389 3098 Agamemnonem
409 3026 558 3094 spectaret.
602 3015 682 3076 Nihil
701 3020 836 3076 temerius
856 3026 917 3090 est,
947 3037 1032 3091 quam
1054 3020 1213 3077 coniectura

139 3122 262 3183 fundare
281 3122 490 3196 coniecturam
512 3121 594 3194 quasi
612 3129 671 3178 tam
691 3121 729 3179 sit
748 3120 909 3177 consessum
928 3116 1050 3179 Aiacem
1074 3117 1128 3178 hoc
1148 3121 1212 3179 loco

140 3226 326 3286 vaticinatum
354 3241 436 3295 esse,
467 3230 498 3279 ut
520 3220 623 3296 corrigi
644 3222 729 3294 poita
756 3218 928 3278 confidenter
955 3222 1055 3296 possit.
1098 3219 1213 3296 Sopho-

140 3327 249 3387 classi
268 3322 354 3385 m'odo
375 3323 433 3382 tale
453 3324 616 3382 vaticinium
636 3322 846 3381 accommodare
866 3320 1020 3398 voluisset,
1051 3324 1214 3397 scripsisset

91 3422 95 3493 ξ
138 3427 333 3504 hauddubie,
362 3424 439 3500 quod
459 3435 535 3484 certe
560 3427 590 3483 in
611 3425 700 3500 duos,
730 3421 868 3500 Ulyssem
899 3433 929 3483 et
954 3421 1212 3500 Agamemnonem,

140 3530 315 3608 quadraret,
336 3527 385 3588 vel
405 3527 500 3588 solum
521 3525 667 3608 φιλίστων
687 3525 734 3586 vel
753 3523 898 3605 φιλίστων
919 3526 1068 3605 συγγενῶν
1097 3526 1147 3586 vel
1172 3528 1214 3585 si-

140 3635 213 3693 mile
233 3630 312 3707 quid,
332 3630 387 3690 etsi
406 3650 444 3688 ne
466 3640 526 3688 ttrm
554 3628 669 3703 quidem
699 3628 857 3688 vaticinatio
886 3629 955 3687 satis
985 3637 1111 3687 accurata
1137 3637 1214 3688 esset

139 3745 263 3815 propter
282 3731 458 3793 Menelaum.
500 3728 583 3790 Nrmo
603 3751 676 3807 qum
697 3730 830 3804 scripsit,
858 3730 895 3787 iis
923 3728 1043 3788 ostendit
1062 3729 1156 3804 palam
1177 3728 1215 3788 de

140 3839 277 3898 vaticinio
304 3854 369 3896 sese
397 3834 482 3908 plane
510 3853 569 3892 non
595 3834 744 3907 cogitasse.
786 3827 986 3907 Musgravium
1016 3831 1114 3890 laudat
1135 3829 1219 3891 Her«

140 3958 275 4010 mannus,
305 3935 391 3997 valdo
408 3936 534 4011 ineptam
554 3944 648 3992 tamen
668 3944 697 3993 et
715 3936 830 3993 minime
852 3934 1063 3991 convenientem
1094 3953 1214 4007 exaspe-

90 4010 205 4102 Erato
225 4038 330 4101 Aiacis
350 4039 443 4098 anno
460 4036 669 4095 distinctionem
690 4038 753 4096 eius
780 4054 900 4106 vocans,
932 4036 1098 4109 praesertim
1125 4055 1213 4109 quum

139 4143 218 4203 moto
247 4151 348 4219 postea
375 4137 447 4198 liaeo
473 4140 515 4196 ita
549 4138 681 4210 distincta
706 4139 821 4199 inerint.
863 4133 939 4194 Mihi
976 4146 1073 4194 contra
1101 4135 1214 4195 videtur

142 4246 237 4307 omns
256 4243 430 4320 vaticinatio,
449 4226 585 4319 quanam
604 4242 634 4302 in
663 4241 758 4302 verbis
789 4249 851 4317 est,
880 4236 1072 4299 tanturmmodo
1100 4239 1141 4296 ita
1167 4234 1215 4295 hio
