2678 4816
381 364 600 476 onnirns
628 389 915 473 cononicus.
1114 390 1178 462 151

103 589 164 640 tem
184 579 367 641 verisimilius
389 591 451 657 est,
479 603 565 656 cpiam
584 583 749 662 librarium,
778 587 830 661 qui
856 586 952 644 statim
972 591 1038 660 post
1057 580 1095 643 do
1115 602 1178 643 see·

102 686 186 743 done
207 682 314 758 Oedipi
335 704 495 743 sennonem
516 704 581 744 esse
603 686 713 746 videret
733 708 826 762 neque
846 673 866 765 ἦ
890 688 952 747 στῶ
973 688 1042 746 satis
1063 684 1178 743 intelle·
1222 724 1225 729 -
1287 711 1289 721 ·

102 789 214 859 xisset,
237 807 306 845 snae
326 787 425 844 aetatis
446 787 678 847 consuetudinem
698 789 832 863 loquendi
852 788 888 850 od
904 791 1092 867 antiquiorem
1105 807 1177 864 quo-

80 898 160 965 ·Ique
181 890 398 951 transferentem
417 889 613 949 immutarisse
634 877 653 969 ἦ
672 885 777 952 'aena

586 1062 613 1139 ς.
637 1067 690 1123 31.

101 1216 106 1225 ·
188 1191 355 1270 Aggredior
381 1196 495 1271 locum,
529 1197 565 1256 de
587 1220 643 1273 quo
664 1202 729 1274 ipso
757 1218 869 1274 quoque
888 1197 956 1257 olim
976 1198 1008 1255 in
1034 1193 1179 1257 Societate

101 1294 213 1365 Graeca
230 1295 379 1372 Lipsiensi
394 1300 562 1357 senteutiam
578 1321 671 1360 meam
682 1303 906 1376 qualemcunque
920 1301 1052 1376 exposui.
1092 1298 1177 1377 Quae

100 1400 233 1472 quamvis
254 1409 320 1458 tunc
338 1397 504 1459 Hennanno
525 1400 655 1461 Praesidi
675 1401 874 1463 illustrissimo
895 1423 1014 1479 prorsus
1033 1403 1178 1476 improba·

101 1509 201 1576 retrrr,
233 1511 330 1560 tamen
358 1503 482 1561 mirabili
503 1503 623 1578 qrradam
643 1507 800 1581 pervicacia
819 1507 925 1568 iactum
947 1514 1008 1578 est,
1039 1513 1088 1579 ut,
1119 1526 1177 1579 quo

101 1604 195 1678 magis
218 1601 290 1661 mihi
320 1603 357 1662 de
382 1607 503 1664 veritate
531 1608 593 1665 eius
615 1627 783 1680 persuasum
812 1610 849 1667 sit
856 1653 865 1682 ,
905 1628 939 1666 eo
961 1609 1059 1665 minus
1083 1604 1176 1668 odhne

103 1706 255 1764 consilium
285 1705 407 1764 abiicere
429 1709 571 1780 potuerim
597 1709 680 1766 illam
698 1706 795 1768 'denuo
823 1712 853 1768 in
879 1710 972 1790 lucem
1000 1707 1176 1786 proferendi.

101 1805 203 1885 Qmuu
223 1809 299 1865 enim
320 1818 386 1865 tnnc
407 1818 436 1866 et
456 1810 547 1867 levius
568 1830 602 1868 ec
622 1810 820 1887 festinantius,
846 1822 890 1885 et,
917 1821 950 1872 nt
968 1811 1097 1886 videtur,
1124 1831 1176 1885 pae

99 1928 166 1967 rum
188 1908 295 1969 diserte
315 1919 399 1982 atcpre
421 1910 568 1968 obscurius
590 1912 826 1994 disputavissem‚
856 1913 1008 1988 sperabam
1035 1913 1115 1986 iore,
1143 1920 1178 1975 ut

100 2011 247 2086 repulsam
278 2013 374 2069 forsan
404 2012 498 2069 minus
532 2014 661 2071 acerbam
688 2015 810 2092 iernen,
850 2017 876 2073 si
907 2035 979 2089 quae
1010 2023 1076 2072 tunc
1112 2034 1178 2072 ora-

99 2115 188 2172 tionis
208 2113 332 2171 brevitas
353 2133 385 2171 ac
406 2113 524 2171 tarditas
545 2116 768 2192 obscuravisset‚
797 2138 871 2176 nune
890 2117 1056 2177 clarioribus
1077 2125 1106 2174 et
1127 2137 1176 2175 co·

98 2217 272 2292 piosioribns
292 2214 386 2274 verbis
408 2226 576 2288 repeterem.
619 2215 719 2297 Atque
740 2217 810 2277 haec
829 2219 1001 2293 singularem
1016 2217 1177 2276 inmodum

98 2330 195 2380 erecto
215 2328 300 2392 atque
322 2316 485 2375 confirmata
506 2337 572 2392 spes
593 2310 771 2394 est‚'rp1nm
801 2319 845 2378 liis
873 2319 978 2380 diebus
994 2317 1178 2393 Doederlini,

100 2443 188 2498 quem
206 2431 274 2478 tune
293 2418 371 2477 adire
392 2421 593 2495 neglexeram,
617 2421 811 2481 adnotationes
831 2423 984 2497 inspiciens
1003 2421 1088 2494 plone
1109 2439 1178 2478 ean·

98 2524 166 2584 dem
187 2521 312 2595 abhoc,
342 2520 394 2580 sed
415 2542 515 2595 parum
536 2522 729 2598 confidenter,
757 2523 918 2599 explicandi
938 2524 1016 2582 viam
1035 2532 1176 2581 monstra·
1267 2578 1270 2584 .

98 2637 161 2686 tam
182 2645 246 2684 esse
267 2625 373 2687 inveni.
425 2621 540 2698 Locus,
573 2646 658 2700 quem
680 2625 759 2700 dico,
791 2635 836 2684 est
857 2627 888 2682 in
906 2623 992 2686 huius
1013 2622 1177 2700 tragoediae

99 2730 233 2788 versibus
256 2732 458 2798 1083-86‚
488 2727 553 2798 ubi,
581 2723 729 2803 Antigono
758 2738 787 2786 et
807 2727 922 2788 Ismene
948 2749 966 2785 a
987 2723 1108 2785 Creonte
1128 2744 1178 2782 ra·

98 2832 176 2910 ptis,
207 2840 236 2889 et
256 2827 369 2888 Theseo
391 2848 456 2885 cum
476 2829 613 2886 militibus
636 2829 672 2887 ad
693 2830 855 2891 liberandas
876 2830 943 2888 illas·
963 2828 1109 2887 celerrime
1129 2827 1175 2888 iu·

98 2945 219 3009 secuto,
241 2930 352 2991 Chorus
373 2935 467 2989 exitus
489 2931 592 3004 proclii
614 2931 816 3006 cupidissimus
837 2935 876 2990 ita
896 2932 1040 3008 loquitur:

281 3028 348 3093 ei&
368 3027 494 3091 detnato
517 3025 731 3118 ταχύρῤωστος
756 3026 876 3109 πελειὰς

280 3131 422 3214 αἳθεριάς
442 3130 572 3213 νεφέλας

279 3230 442 3317 κύρσαιμ),
463 3232 563 3296 αὐτῶν
608 3229 618 3254 ’
642 3226 770 3315 ἀγώνων

279 3331 467 3418 θεωρήσασα
488 3333 602 3415 τούμὸν
625 3331 722 3414 ὄμμα.

72 3444 145 3506 dte
167 3452 281 3502 veteres
300 3442 366 3500 libri
389 3461 498 3500 ornnes.
548 3439 620 3518 Quo
644 3442 759 3516 aegrius
787 3439 885 3498 credas
905 3439 1021 3512 locum,
1048 3439 1114 3510 quia
1135 3453 1173 3495 ex

97 3546 309 3606 dillicilioribns
331 3552 389 3616 est,
420 3544 455 3600 ab
483 3545 619 3600 omnibus
634 3542 799 3601 firmissime
819 3564 873 3617 pro
894 3551 1025 3616 corrupto
1045 3538 1173 3598 habitum
1220 3542 1222 3546 ⁴

97 3661 187 3723 atque
208 3650 371 3706 innumeras
390 3648 574 3718 interpretum
594 3647 781 3705 correctiones
799 3654 948 3719 expertrnn
968 3664 1041 3703 esse.
1092 3639 1174 3721 Qua-

96 3773 165 3811 rum
195 3771 231 3808 ne
259 3770 343 3807 unmn
371 3748 485 3822 (pridem
507 3750 609 3806 bonam
630 3769 662 3806 ac
685 3744 831 3821 Sophocle
853 3745 968 3822 dignam
989 3765 1053 3804 esse
1075 3743 1174 3802 etalii

96 3862 271 3912 monuerunt
297 3862 326 3910 et
354 3872 407 3926 ego
436 3851 583 3909 conitendo.
632 3848 693 3908 Nec
714 3851 829 3907 mirum.
880 3848 977 3929 Quum
999 3850 1074 3907 enim
1095 3866 1176 3904 com-

96 3965 302 4027 mentatorem,
331 3973 388 4012 noo
410 3963 597 4010 correctorem
617 3952 698 4011 locus
717 3955 861 4027 requirat,
888 3949 1044 4010 dilucidum
1065 3959 1110 4007 est
1130 3949 1174 4007 la·

97 4056 197 4132 pidem
219 4057 430 4130 verberonem,
459 4056 618 4129 quicunque
639 4055 669 4110 in
691 4053 867 4113 emendenda
896 4075 932 4111 eo
952 4073 1068 4126 operam
1088 4074 1175 4112 nava·

97 4161 204 4218 verint.
256 4156 338 4217 Haec
367 4146 443 4216 certa
471 4155 543 4216 milri
574 4177 607 4214 ac
635 4155 751 4214 delinita
781 4164 856 4216 sunt.
900 4154 1027 4213 Primum
1047 4157 1175 4235 θεωρεῖν

96 4280 156 4321 non
176 4263 292 4336 actium
319 4246 396 4337 qnod
425 4257 580 4320 inauditnm
608 4269 703 4335 essct,
734 4257 785 4317 sed
813 4268 946 4319 consueta
974 4260 1004 4319 ri
1023 4242 1177 4336 spectandi
