2678 4816
198 362 249 442 ‚42
602 362 820 447 cornu
855 365 943 469 ru„

205 557 340 622 orationis
361 555 459 616 ordine
481 564 566 630 atque
585 575 691 632 genere
710 559 845 618 materiae
866 560 993 636 cogitur,
1022 558 1090 635 qnid
1113 562 1150 619 sit
1170 582 1280 636 ponen-

205 660 292 735 daun,
314 657 382 735 quid
402 679 470 717 non.
514 655 605 732 Apud
625 656 811 737 Aeschylum
831 661 946 736 quidem
966 661 988 720 l.
1009 683 1035 720 c.
1063 661 1127 721 fieri
1146 684 1204 722 non
1224 685 1280 739 po·

205 770 295 836 trrat,
325 762 392 836 qrrin
410 756 544 819 Minerva
571 759 624 819 dea
642 761 733 841 probe
761 763 866 839 sciret,
897 765 961 838 quis
999 782 1032 822 se
1058 768 1279 841 procreavisset,

205 884 298 937 neque
319 864 403 923 etiam
424 882 508 921 carna
530 872 610 938 erat,
633 882 685 923 ern·
704 880 736 921 se
756 862 786 920 id
807 884 863 922 non
884 866 957 924 scire
980 865 1183 937 dissimularet.
1211 866 1280 929 Hoc

204 967 347 1042 posterius
374 966 400 1023 si
429 969 532 1040 politae
561 966 710 1024 consilium
738 966 853 1041 fuisset,
882 977 959 1026 recte
987 967 1145 1028 diceretur:
1175 961 1279 1048 μήτηρ

206 1059 250 1129 od
257 1088 318 1139 τις
338 1063 436 1143 ἐστὶν,
457 1060 547 1146 ἣτις
566 1062 606 1144 μ’
631 1064 890 1146 tya‘vaw5n1mc,
912 1089 1000 1143 mrum
1020 1070 1068 1128 vel
1089 1090 1172 1130 causa
1193 1072 1280 1131 ades·

205 1181 267 1244 set,
299 1191 350 1229 cur
375 1170 428 1228 illa
449 1189 534 1229 nosse
555 1189 588 1228 se
609 1171 747 1246 originem
768 1189 850 1229 suam
870 1168 1060 1246 profiteretur,
1081 1175 1277 1233 necessarium

178 1266 180 1273 ’
205 1283 267 1333 erat
294 1273 434 1332 dicentem
464 1292 527 1332 eum
557 1273 668 1331 facere:
704 1263 724 1349 ἥ
746 1265 784 1347 μ’
815 1269 957 1351 ἕγρίνατο.
1001 1271 1105 1332 Contra
1123 1277 1153 1333 in
1167 1273 1278 1350 Euripi.

203 1372 274 1435 Hel.
298 1380 369 1448 926,
386 1366 508 1451 Ἑλένην
528 1369 586 1452 γὰρ
609 1368 743 1444 οὐδεὶς
764 1365 871 1445 dcccc
893 1370 927 1434 od
954 1381 1057 1454 στυγεῖ
1072 1370 1212 1453 rporali,
1233 1380 1281 1437 ni-

202 1474 247 1536 hil
267 1479 413 1552 intererat,
434 1487 531 1535 utrum
544 1478 627 1550 poeta
648 1475 766 1534 diceret:
788 1479 824 1552 is,
847 1480 898 1556 qui
918 1499 963 1536 mo
981 1498 1041 1536 nort
1061 1476 1166 1551 oderit,
1188 1500 1275 1539 roomo

203 1594 265 1655 est,
287 1599 323 1637 an
332 1621 344 1652 ,
367 1578 483 1656 aliquis,
507 1581 558 1657 qui
577 1599 622 1635 arte
641 1597 700 1637 non
718 1575 821 1651 oderit,
848 1598 929 1638 neruo
949 1593 1011 1654 ⁶⁸²3
1040 1590 1160 1655 utroque
1190 1581 1278 1641 modo

204 1681 320 1741 dicitur:
343 1700 438 1740 carnee
458 1702 502 1738 me
523 1678 659 1754 oderunt,
681 1689 765 1753 atque
793 1682 880 1753 polita
907 1681 1008 1756 elegit,
1038 1681 1113 1757 quod
1142 1702 1279 1743 veratrum

202 1781 341 1860 rhythmo
382 1786 568 1856 opportunius
608 1781 762 1839 videretur.
815 1780 877 1841 lam
925 1785 1010 1841 etiarn
1054 1794 1171 1859 apparet
1221 1787 1280 1843 mi·

202 1887 281 1945 nime
309 1904 373 1944 esse
402 1893 459 1943 tam
493 1885 666 1961 singularem
695 1902 787 1957 neque
812 1883 907 1942 locum
934 1882 1081 1960 Euripidis
1095 1888 1142 1945 in
1168 1882 1279 1947 Medea

203 1992 286 2062 788,
308 1987 357 2044 ubi
380 1996 409 2045 et
430 1984 585 2045 Elmsleius
607 1997 635 2045 et
654 1983 837 2046 Hermannus
857 1986 1007 2060 pauluhun
1029 1986 1159 2048 haesisse
1177 1989 1279 2048 viden·

202 2095 260 2162 tur,
283 2080 365 2159 οὔτις
389 2085 468 2147 ἐστὶν
489 2080 569 2159 tigne
589 2080 775 2166 ἐξαιρήσεται
782 2132 791 2162 ,
812 2089 832 2146 i.
856 2108 882 2146 e.
904 2091 1018 2165 nescio,
1045 2093 1110 2170 quio
1137 2112 1187 2150 coe
1213 2113 1278 2151 scr·-

203 2204 265 2265 rm,
286 2211 345 2249 non
366 2188 449 2249 adest
471 2194 633 2270 qnisquam,
654 2211 747 2264 neque
768 2187 926 2249 Alcestidis
947 2191 1043 2250 locum
1063 2211 1092 2250 r.
1116 2198 1169 2268 80,
1199 2186 1276 2251 ἀλλ’

205 2287 276 2351 οὐδὲ
304 2290 402 2373 φίλων
430 2312 476 2362 τις
504 2288 597 2363 πέλας
627 2287 725 2363 οὐδεὶς
754 2283 833 2362 ὅςτις
865 2283 904 2349 dr
924 2288 1040 2370 ἐνέποι,
1070 2291 1279 2372 hercreio,

200 2398 267 2475 quis
287 2392 359 2454 milri
378 2393 477 2454 dicere
493 2397 605 2469 posuit,
631 2416 669 2453 nc
690 2397 800 2453 aramue
826 2392 941 2472 quidem
966 2395 1045 2453 ollem
1069 2409 1191 2470 praesto
1221 2411 1276 2458 cst.

200 2493 259 2555 Pro
281 2489 364 2568 οὔτις
383 2497 431 2558 vel
452 2490 550 2568 οὐδεὶς
580 2494 669 2578 φίλος
695 2499 780 2571 polita
805 2495 908 2554 fortius
936 2498 1049 2571 posuit:
1079 2490 1150 2557 otte*
1178 2495 1278 2579 φίλων

201 2619 249 2670 τις
270 2594 378 2659 oddal.

285 2697 359 2761 Alia
389 2701 462 2759 ratio
491 2708 537 2759 est
555 2698 728 2759 locutionum
756 2688 825 2757 οἶδά
854 2718 906 2773 σε,
943 2689 977 2769 ὃς
1003 2689 1036 2761 εἶ
1061 2710 1091 2760 et
1119 2695 1174 2760 οὐκ
1205 2692 1276 2763 oldoi

202 2822 247 2879 σε,
271 2794 352 2874 ὅςτις
375 2794 410 2861 sl.
453 2799 512 2861 Pro
533 2803 636 2875 quibus
657 2802 751 2859 minus
771 2801 918 2860 benedici
945 2793 1014 2861 οἶδά
1036 2822 1080 2878 σε,
1101 2794 1181 2874 ὅςτις
1200 2795 1278 2867 sim

203 2899 259 2965 oda
281 2896 351 2964 sitit
372 2925 424 2980 oe,
446 2898 480 2975 ὃς
502 2894 624 2963 sirecte
645 2913 845 2963 commemorat
864 2901 1021 2962 lihnsleius
1042 2903 1079 2963 ad
1099 2901 1224 2966 Medeae
1243 2926 1276 2967 u.

204 3013 297 3070 1086.
340 3004 454 3067 Dicitur
474 3027 531 3066 non
553 3006 636 3064 modo
657 3006 751 3064 minan
771 3004 853 3079 berre,
874 3005 927 3064 sed
947 3006 1004 3065 dici
1024 3007 1109 3081 plane
1130 3028 1188 3066 non
1209 3017 1276 3084 pot-

200 3118 254 3169 eat.
296 3106 408 3185 Nempe
437 3119 503 3168 sunt
532 3110 583 3168 illa
611 3105 721 3166 Graeco
749 3126 827 3165 more
858 3107 1031 3167 abundanter
1067 3107 1275 3183 quodammodo

200 3210 275 3271 dicta
296 3232 350 3286 pro
371 3212 496 3287 simplici
519 3201 587 3269 citt
617 3230 650 3270 σε
679 3220 707 3268 et
738 3203 792 3269 οὐκ
823 3200 892 3268 oili
923 3230 973 3286 oe,
1000 3230 1121 3284 quornm
1149 3211 1275 3287 quidque

199 3333 290 3373 naum
310 3316 455 3374 notionem
476 3312 579 3386 efficit3
597 3312 675 3385 prior
688 3311 796 3388 finita,
817 3311 905 3370 altera
923 3313 1045 3392 infinito
1060 3322 1113 3371 est.
1139 3309 1191 3371 Ad
1201 3311 1277 3373 hanc

199 3436 291 3476 annm
311 3419 461 3496 infinitum
482 3413 557 3489 qnod
579 3414 722 3489 pertinet,
743 3433 859 3474 necesse
881 3424 925 3474 est
944 3414 1021 3475 idem
1048 3415 1086 3473 sit
1113 3416 1276 3495 infinitam,

201 3517 238 3577 ad
264 3518 346 3577 illam
373 3539 463 3578 aaran
478 3519 621 3596 finitum,
651 3515 727 3574 idem
745 3517 882 3594 finitam.
925 3513 985 3575 Sed
1011 3514 1085 3576 salno
1116 3513 1275 3577 lllmcleins

200 3616 257 3679 huo
288 3619 374 3680 trahit
401 3621 566 3695 exemplum
593 3615 687 3694 Iphig.
720 3615 808 3679 Taur·
838 3621 912 3693 too,
944 3609 1070 3694 eripimus
1096 3612 1128 3676 δ’
1159 3603 1184 3701 ᾧ
1210 3612 1274 3698 χρὴ
1312 3636 1323 3659 ·

199 3714 291 3792 τάςδ’
322 3716 483 3792 ἐπιστολὰς
512 3717 633 3800 <piperve
661 3718 710 3778 hic
731 3740 833 3780 sensns
855 3730 915 3780 est:
939 3717 989 3780 dic
1009 3740 1089 3793 eum,
1119 3717 1163 3779 od
1190 3742 1276 3800 prtem

199 3823 303 3884 literas
322 3820 409 3884 hasco
424 3825 567 3904 pcrfmre
586 3835 735 3897 oporteat,
766 3822 842 3897 quod
856 3819 916 3897 esd,
940 3824 1015 3896 ocis,
1036 3818 1079 3880 od
1100 3844 1183 3902 potem
1208 3823 1274 3883 lco-

199 3947 254 3985 roe
263 3928 403 4008 perferri
416 3924 557 4003 debeant,
580 3922 630 3984 dte
651 3945 725 3983 mun.
765 3921 946 4000 separandae
967 3933 1034 3984 sunt
1052 3922 1107 3983 hae
1128 3924 1203 3983 duae
1220 3944 1275 4001 pe·

200 4029 322 4088 culiares
343 4031 514 4089 sententiae:
530 4019 592 4107 χρή
614 4047 671 4086 τινι
693 4023 853 4099 ἐπιστολὰς
874 4022 984 4108 φέρειν,
1007 4035 1046 4103 et,
1066 4019 1193 4103 σήμαινε
1214 4019 1274 4087 αὖά

198 4121 270 4209 τόν,·
290 4132 386 4207 itaque
407 4132 496 4192 altera
515 4138 609 4205 potest
620 4129 720 4210 finito
740 4151 816 4207 esse,
837 4129 949 4190 etiamsi
968 4129 1047 4204 prior
1066 4129 1189 4210 infinito
1216 4138 1272 4189 est.
