2678 4816
126 396 169 460 αι
382 334 387 351 ’
517 366 736 454 csrnr
777 390 834 456 1n.

131 587 189 644 iam
218 607 274 644 nou
303 582 402 642 habet:
434 591 527 641 exstat
555 583 631 641 euim
658 584 689 639 in
716 584 811 657 priore
838 583 966 640 membro
996 583 1205 659 disiunctionis,

130 708 248 763 prorsus
269 697 300 744 ut
321 685 395 759 apud
415 683 574 743 Homerum
595 681 633 742 ΙΙ.
651 691 710 757 21,
731 691 787 757 62,
810 677 829 762 ἢ
853 674 908 762 ἄρ’
931 676 1080 760 ὁμῶς-καὶ
1102 686 1205 744 κεῖθεν

37 850 39 857 ,
132 783 296 862 ἐλεύσεται,
322 782 341 865 ἤ
364 810 418 864 μιν
440 779 534 866 ἐρύξει
556 787 594 864 γῆ
616 783 769 866 ιρυσΐζαος.
817 784 991 846 Ψιυσθεῖσα
1014 779 1124 867 δώροις
1145 780 1207 868 si't'¹

132 888 350 970 ἓλαρτηβαλιάις
369 889 567 963 explicandum
588 898 646 956 est,
671 892 743 947 sicut
764 891 821 947 iam
843 890 893 947 alii
913 889 1024 948 facere:
1047 911 1080 947 eo
1096 888 1204 969 falso,

130 992 211 1074 quod
227 996 254 1050 ei
274 1013 365 1071 noque
387 991 483 1066 spolio
503 995 723 1065 consecr-onisii,
745 1013 837 1070 neque
858 995 1022 1050 venationes
1042 993 1205 1049 instituisti.

130 1094 219 1155 Absit
237 1097 313 1153 enim
326 1091 444 1152 Heathii
465 1093 597 1151 iocularis
617 1113 685 1151 vcrc
706 1095 915 1168 interpretatioz
937 1108 989 1152 our
1000 1107 1126 1168 propter
1141 1114 1206 1152 cer·

130 1220 179 1256 vos
195 1194 349 1276 quosdam,
372 1217 443 1274 quos
464 1217 523 1253 αοιι
538 1198 683 1271 oportuit,
712 1199 862 1255 amotione
881 1199 997 1255 occisos.
1048 1194 1117 1255 Non
1137 1217 1205 1255 rara

131 1311 174 1360 est
196 1298 270 1374 apud
291 1301 390 1372 poetas
411 1297 546 1372 loquendi
567 1297 759 1374 cousuetudo,
788 1317 842 1373 qua
864 1299 1001 1356 vocabulo
1028 1299 1125 1374 aliquo
1146 1319 1206 1357 non

129 1404 221 1477 ipsam
242 1422 315 1475 rem,
337 1399 388 1458 sed
406 1403 448 1458 rei
470 1401 609 1458 desectum
630 1399 769 1475 indicant3
789 1401 879 1458 euius
901 1402 1031 1475 exempla
1053 1401 1154 1460 adsrmt
1172 1403 1206 1460 in

129 1502 235 1563 Matth.
259 1524 303 1579 gn.
325 1522 370 1578 gr.
389 1504 456 1560 mai.
481 1503 508 1577 §.
529 1506 609 1575 634,
643 1509 681 1577 3,
703 1501 798 1560 Anm.
819 1523 849 1576 p.
866 1507 960 1563 1308.
1003 1500 1121 1564 Plenius
1149 1503 1205 1564 hoc

131 1608 231 1666 dicitur
252 1609 282 1663 iu
303 1603 401 1663 Nostri
422 1602 524 1662 Trach.
544 1609 602 1678 94,
625 1597 660 1663 ὃν
684 1597 814 1675 [Ἅλιον]
840 1598 930 1662 αἰόλα
951 1600 1006 1676 mi}
1028 1603 1206 1685 ἐναριζο-

130 1705 227 1786 μένα
248 1704 346 1766 τίκτει.
400 1705 492 1765 Porro
518 1706 629 1764 dativus
659 1697 770 1785 δώροις
799 1708 910 1781 positus
932 1717 976 1765 est
997 1708 1033 1767 ad
1054 1708 1205 1784 designan-

131 1811 200 1883 dum
219 1809 266 1883 id,
299 1830 355 1888 qno
377 1808 501 1867 efficitur
506 1853 516 1882 ,
545 1816 577 1865 ut
597 1805 692 1866 Diana
719 1808 835 1883 decepta
865 1810 921 1884 sit,
947 1831 1034 1884 qurum
1062 1813 1205 1887 genitivus

131 1913 291 1989 designaret
311 1912 352 1984 id,
376 1913 408 1968 in
429 1933 485 1990 quo
506 1908 622 1984 decepta
644 1922 698 1968 est.
740 1903 873 1993 Ἐνάραιν
896 1908 992 1991 δῶρα,
1015 1911 1045 1971 Ιι.
1062 1933 1089 1970 e.
1112 1911 1205 1990 dorso,

131 2037 206 2095 qnae
221 2014 323 2089 spoliis
340 2027 481 2087 constant,
504 2013 539 2070 ad
559 2012 635 2070 idem
655 2013 790 2087 loquendi
810 2035 901 2090 gensis
922 2017 1073 2090 pertinen,
1095 2014 1131 2074 de
1147 2037 1205 2090 quo

131 2120 189 2175 iam
211 2118 271 2191 §.3
295 2115 344 2174 fin.
366 2115 517 2191 disputavi.
560 2114 607 2174 De
624 2113 709 2185 νίκας
723 2108 903 2196 ἀκάριιαιτον
917 2109 1010 2194 χάριν
1023 2117 1081 2176 vid.
1096 2115 1204 2177 Matth.

131 2219 168 2278 ad
184 2217 254 2277 Eur.
272 2215 336 2292 Iplr.
360 2216 448 2277 Taur.
465 2223 525 2278 552
545 2228 574 2276 et
592 2218 628 2276 ad
645 2215 757 2277 Hecub.
770 2226 850 2280 ooo.
893 2217 928 2278 In
948 2239 1038 2278 versu
1063 2227 1081 2281 8
1102 2217 1205 2278 Elms-

130 2323 205 2381 leius
235 2323 340 2395 optime
359 2341 410 2394 pro
433 2314 536 2396 r'p'arr’
565 2322 690 2378 correxit
717 2314 747 2378 εἷ’
765 2315 836 2395 τιν’,
859 2319 934 2396 quod
956 2331 1101 2397 receptum
1125 2319 1204 2381 Her-

131 2443 250 2483 mannus
274 2423 432 2480 rectissime
458 2422 621 2496 explicavit.
666 2418 726 2480 Sed
751 2419 806 2481 hoc
822 2444 879 2481 non
899 2423 1015 2482 dubium
1039 2443 1103 2483 esse
1122 2434 1204 2498 puto,

101 2585 105 2596 ,
131 2529 199 2602 quin
217 2536 246 2585 et
264 2523 312 2582 hic
334 2534 363 2582 et
386 2543 509 2596 sequens
528 2543 630 2584 versus
659 2523 695 2583 de
717 2523 823 2582 Marte
842 2525 1022 2600 intelligendi
1048 2527 1122 2600 sint,
1153 2529 1206 2605 poi

132 2626 169 2685 de
199 2627 340 2684 Troianis
369 2628 454 2685 sociis
476 2623 514 2684 od
532 2624 632 2684 Aiace
650 2625 748 2700 pulsis
770 2626 917 2704 querolum
935 2625 1050 2686 duhest.
1103 2625 1205 2686 Neuti·

132 2749 217 2803 qrram
237 2725 348 2786 Chorus
372 2727 408 2786 de
435 2729 543 2787 ariinio
569 2729 691 2804 cogitet,
719 2728 795 2802 quod
818 2726 903 2786 Aiaci
924 2725 1005 2787 Mars
1029 2729 1144 2804 tulerit,
1174 2738 1205 2788 et

133 2833 213 2891 cuius
235 2831 287 2888 ille
319 2833 428 2905 gratias
457 2851 513 2888 uon
547 2832 655 2906 egerit,
686 2831 796 2888 etiamsi
817 2829 849 2888 id
870 2832 934 2905 ipso
956 2851 972 2889 a
998 2829 1093 2890 Ghoro
1123 2831 1205 2889 dubi-

131 2910 223 2992 tanter
240 2951 386 2990 censemus
405 2933 603 3007 pronunciari:
627 2926 665 2990 εἴ
681 2953 770 2990 τιιια
792 2928 920 3012 μομφὰν
937 2928 1014 3009 ἔχων
1037 2932 1129 3004 ξυνοῦ
1148 2932 1205 2992 do-

135 3029 196 3117 ρός.
240 3032 312 3093 Nam
333 3037 456 3109 primum
477 3044 603 3107 constat,
632 3055 717 3108 quam
736 3031 817 3093 Mars
838 3055 894 3093 uon
914 3035 999 3094 modo
1019 3057 1076 3094 non
1097 3039 1204 3110 socius,

134 3137 183 3197 sed
220 3136 311 3197 hostis
340 3157 454 3212 semper
482 3135 567 3195 Aiaci
599 3136 703 3211 fuerit,
740 3136 771 3194 id
800 3137 876 3211 qarod
903 3140 987 3197 etiam
1024 3142 1117 3197 nautis
1147 3135 1206 3198 Sa-

133 3240 274 3313 laminiis,
298 3259 314 3297 e
336 3240 439 3312 quibus
460 3239 604 3297 constabat
625 3236 754 3314 Chorus,
775 3249 833 3296 tam
855 3251 952 3298 notum
974 3242 1064 3300 finisse
1085 3259 1205 3299 necesse

133 3353 194 3418 est,
226 3352 258 3400 ut
279 3340 315 3399 de
337 3339 389 3397 hac
410 3361 441 3399 re
462 3360 499 3399 ne
521 3342 608 3400 verbo
631 3341 744 3415 quidem
769 3343 934 3416 cogitarent.
985 3341 1097 3402 Deinde
1118 3345 1204 3418 potita

133 3465 189 3503 uon
209 3444 323 3517 scripsit
345 3436 375 3500 εἶ’
391 3462 500 3512 τινος
520 3441 610 3514 ¹§roveri
633 3438 724 3522 δορὸς
738 3436 867 3522 μομφὰν
885 3438 971 3521 ἔχων,
994 3444 1046 3503 sed
1067 3438 1098 3502 εἶ’
1113 3424 1204 3503 τινα

133 3541 263 3625 poppis
288 3539 363 3621 ἔχων
394 3542 484 3613 ’ξυροῦ
515 3540 620 3626 δορὸς,
651 3566 706 3619 qua
728 3566 759 3604 re
780 3545 904 3604 efficitur
924 3546 1108 3604 dubitativum
1129 3546 1205 3605 illud

135 3643 166 3707 εἴ
184 3668 252 3706 τινα
273 3645 346 3704 nihil
367 3666 483 3720 prorsus
504 3650 646 3722 pertinere
668 3648 703 3706 ad
721 3646 812 3719 ξυνοῦ
840 3642 945 3728 δαρὸς,
977 3668 1075 3706 verum
1103 3650 1204 3706 arctis-

134 3751 206 3809 sime
228 3747 378 3807 cohaerere
402 3769 465 3806 cum
487 3745 616 3830 μομφὰν
637 3744 723 3826 ἔχων.
775 3747 897 3809 Conficit
916 3771 996 3825 rem,
1025 3749 1101 3825 qarod
1119 3746 1204 3808 Mars

136 3844 268 3928 λώβαν
295 3847 441 3909 τίσασθαι
463 3863 587 3925 putatur.
639 3844 744 3929 Λιῦβη
767 3863 860 3912 autem
879 3855 935 3911 ista
955 3854 1133 3927 apertissime
1155 3873 1205 3912 re·

133 3955 225 4012 fertur
246 3974 297 4024 eo,
320 3952 396 4026 quod
417 3951 551 4030 Troiani,
580 3951 675 4013 Marte
696 3954 750 4014 deo
771 3958 903 4030 iuvante,
935 3957 1094 4014 etiamnunc
1112 3954 1204 4032 togati

135 4066 224 4117 eraut.
278 4052 382 4114 Contra
410 4053 531 4115 Aiacem
560 4058 703 4131 ingratum
729 4079 796 4134 erga
820 4054 944 4117 Martem
964 4057 1054 4118 fuisso
1074 4059 1125 4118 vix
1146 4057 1203 4117 dici

135 4166 229 4230 potest
247 4149 342 4236 λώβη.
