2678 4816
125 358 170 434 34
528 358 751 428 CAPUT
791 359 835 426 11.

125 560 307 636 praebuisse,
338 576 394 630 quo
426 557 521 614 acrius
552 553 628 614 idem
657 551 742 612 lrrrius
771 553 884 614 fabulae
915 564 1013 614 contra
1033 551 1203 618 Voltarium

126 663 312 739 patrocinium
333 659 459 732 suscepit
478 659 509 714 in
529 657 620 730 praef.
642 655 678 714 ad
699 657 860 715 versionem
882 654 990 732 Oedipi
1013 657 1157 734 gallicam.

210 761 354 822 Venimus
375 758 411 817 ad
432 756 549 817 Heatlnii
571 758 693 817 deloco
717 740 905 835 sententiam3
935 781 1008 834 qrrae
1027 761 1076 818 ubi
1097 757 1203 820 Boivi·

126 870 202 926 niam
222 874 341 939 aequat,
368 881 457 936 pauca
478 872 587 919 tantum
608 859 747 917 monenda
767 871 894 933 restant,
915 866 982 936 quia
1003 862 1055 919 illa
1076 863 1133 920 iam
1155 883 1202 922 sa·

126 972 164 1028 tis
194 977 311 1025 tractata
347 974 400 1024 est.
445 960 555 1020 Primos
589 962 659 1020 druos
681 982 781 1020 versus
811 983 849 1021 ex
869 961 1014 1039 Euripidis
1036 961 1232 1049 Phoenissis·

125 1070 271 1145 suppletos
293 1078 404 1143 putare,
429 1065 459 1122 id
481 1064 557 1140 qrrod
578 1063 720 1123 Heothius
744 1086 856 1139 quoque
879 1076 975 1140 putat,
1005 1067 1062 1123 iam
1083 1064 1204 1124 demon·

126 1173 223 1246 stravi,
245 1190 330 1245 qrram
348 1169 481 1226 ailinane
501 1186 533 1224 ac
545 1168 736 1241 temerarium,
755 1168 836 1241 quasi
856 1171 958 1242 poetae
973 1166 1029 1225 duo
1050 1168 1081 1224 in
1096 1169 1202 1226 similis

127 1274 286 1349 argumenti
306 1272 471 1329 tractatione
492 1289 549 1326 nou
570 1270 679 1327 similes
709 1270 864 1327 sententias
894 1269 1070 1327 conformare
1100 1279 1203 1344 potue-

126 1379 201 1450 rint,
228 1395 298 1449 quas
319 1373 487 1449 praesertim
506 1391 554 1428 res
576 1372 637 1444 ipsa
668 1370 799 1452 inculcat.
851 1369 907 1430 cui
934 1390 1009 1428 nunc
1039 1369 1112 1428 addo
1139 1391 1201 1429 am·

126 1477 216 1537 bobus
239 1487 331 1534 tamen
352 1475 441 1548 loeis,
468 1472 588 1531 diversis
610 1473 754 1546 plerisque
784 1473 900 1548 verbis,
932 1474 1019 1530 etiam
1047 1474 1203 1531 sententiu-

126 1601 190 1639 rum
207 1581 332 1636 rationes
352 1577 444 1650 magis
465 1576 538 1632 iuter
558 1594 591 1633 se
612 1574 782 1648 discrepare,
805 1595 890 1648 quam
908 1585 941 1633 ut
956 1575 1045 1633 altera
1060 1574 1095 1632 ab
1110 1574 1204 1633 altera

125 1691 223 1740 mutina
244 1689 337 1739 sumta
359 1697 423 1736 esse
451 1678 551 1750 possit.
594 1673 682 1751 Apud
712 1674 882 1750 Sophoclem
906 1674 1017 1735 Ultores
1046 1686 1152 1734 cantat:
1182 1696 1201 1736 o

130 1781 276 1857 Thebani,
298 1778 401 1851 addae,
424 1793 563 1858 querutum
584 1782 616 1837 ι’νν
636 1778 831 1837 cucumerem
847 1775 979 1854 Oedipus
993 1776 1072 1838 dices
1086 1780 1202 1837 irreser-

57 1933 66 1955 ,
126 1907 176 1945 sus
202 1887 259 1957 sit,
288 1884 338 1960 qui
346 1883 418 1963 fuit
431 1884 670 1954 sapientissimus,
684 1882 882 1961 fantasticus,
904 1884 1093 1954 iustissimus,
1125 1879 1203 1954 apud

126 1984 293 2060 Euripidem
313 1985 376 2057 ipse
402 1981 709 2058 Oedipusexclamat:
731 2004 749 2042 ο
765 1987 887 2058 petrice
907 1987 991 2056 cives,
1011 1981 1124 2058 videte,
1146 2003 1201 2056 ego

125 2088 177 2146 tlte
209 2083 340 2160 Oedipus
347 2129 358 2157 ‚
388 2089 439 2165 qui
466 2107 593 2144 summus
614 2087 675 2166 fui
703 2099 731 2143 et
759 2085 837 2144 solus
867 2083 1028 2161 Sphingem
1055 2088 1201 2161 oppressi,

104 2168 190 2266 ’ipse
209 2210 288 2248 nuuc
304 2191 425 2262 patriae
452 2187 543 2246 exsrd
567 2209 641 2246 sum.
699 2183 737 2244 Et
759 2188 874 2262 quidem
899 2190 930 2245 in
950 2185 1096 2262 Euripidis
1123 2188 1200 2263 loco,

126 2300 265 2352 commate
285 2291 379 2364 posito
400 2299 466 2365 post
491 2276 529 2367 ήν
559 2283 653 2368 ἀνήρ’,
680 2289 852 2363 iungendum
873 2300 934 2349 est:
970 2288 1116 2360 Οἰδίπους
1148 2282 1201 2350 ὅδε

125 2426 169 2440 -
199 2394 253 2452 νῦν
291 2382 498 2467 ἐξελαύνομαι.
543 2389 638 2469 Quem
675 2390 843 2450 facillimruu
879 2413 987 2453 nexum
1021 2393 1048 2452 si
1080 2391 1201 2452 vidisset

126 2493 358 2568 Valckenarius,
381 2486 445 2551 'non
465 2491 599 2551 Boivinio
625 2513 705 2550 more
737 2493 800 2552 loco
826 2515 929 2554 nomen
956 2496 1117 2569 transcripti
1144 2497 1201 2553 im·

125 2598 277 2672 posuisset.
328 2594 471 2654 Personae
492 2596 609 2653 mutatio
630 2615 686 2653 non
707 2596 798 2670 magis
812 2590 929 2655 offendit
946 2608 1063 2672 propter
1077 2617 1199 2672 comma,

126 2717 210 2773 quam
231 2705 347 2771 propter
368 2697 465 2754 colon:
498 2698 554 2754 nisi
575 2698 666 2755 maris
687 2697 832 2755 lenissima
852 2699 964 2758 medela
985 2693 1106 2778 ἔγνων
1127 2700 1200 2758 scri·

126 2801 204 2873 bere,
226 2798 303 2873 qnod
323 2800 380 2855 iam
400 2794 546 2856 Porsonus
568 2800 666 2858 arrosit.
710 2796 799 2858 l’orro
820 2798 979 2876 Beothius,
1014 2823 1078 2861 cum
1106 2822 1199 2877 eoque

126 2897 307 2959 Camerarius
336 2909 365 2958 et
391 2898 575 2974 Erfurdtius‚
610 2920 725 2959 versum
756 2903 902 2963 existimat
926 2902 981 2963 hoc
1006 2915 1103 2964 nostro
1132 2905 1201 2964 loco

125 3014 190 3078 post
221 3004 335 3060 tertium
364 3000 515 3059 excidisse.
559 2999 646 3079 Quod
674 3001 752 3060 idem
787 3005 848 3063 siue
881 3026 965 3064 causa
997 3008 1104 3066 facum
1141 3016 1198 3067 est.

124 3102 234 3164 Nititur
254 3105 330 3163 enim
351 3105 406 3162 ista
427 3105 566 3162 sententia
588 3124 641 3178 eo,
672 3104 748 3179 qnod
777 3125 793 3163 e
822 3126 907 3167 versu
937 3109 1020 3168 tertio
1047 3120 1077 3168 et
1098 3118 1199 3183 qcrauo

126 3205 304 3265 commodum
323 3225 438 3265 sensum
459 3206 526 3263 elici
546 3224 631 3280 posse
651 3217 765 3282 negant.
809 3206 906 3286 Quem
935 3212 960 3268 si
989 3210 1089 3270 adesse
1118 3212 1198 3286 opti-

125 3326 205 3365 mum
224 3307 341 3381 posthac
362 3306 523 3378 ostendero,
546 3317 575 3366 et
595 3311 734 3369 sententia
755 3312 811 3369 ista
831 3311 993 3388 conciderit,
1018 3323 1047 3372 et
1062 3311 1199 3373 Elmsleii

127 3410 254 3485 querelis
277 3409 452 3468 satisfactum
473 3411 537 3468 erit.

211 3508 315 3570 Aede
337 3531 422 3570 sensu
443 3521 527 3585 atque
549 3522 690 3571 sunctura
709 3513 796 3571 totius
816 3513 875 3572 loci
895 3534 967 3588 quiae
988 3517 1098 3590 sentio,
1125 3514 1199 3576 haee

126 3622 201 3672 suut.
244 3610 339 3671 Miror
360 3613 511 3698 plerosqpe
533 3612 655 3673 editores
675 3615 706 3671 iu
725 3612 798 3673 hauc
823 3616 988 3690 implicitam
1016 3618 1198 3683 construendi

126 3715 263 3772 rationem
284 3712 415 3788 delapsos
436 3736 516 3774 esse:
539 3708 618 3786 ὅςτις
636 3746 678 3759 -
700 3711 867 3791 ἐπιβλέπων
887 3715 929 3788 εἷς
953 3709 1025 3777 ὅσον
1054 3712 1197 3779 κλύδωνα

127 3806 292 3890 ἐλήλυθεν,
314 3824 346 3872 ut
365 3818 404 3874 sit
424 3838 494 3890 pro:
518 3808 597 3887 ὅςας
615 3851 651 3861 -
670 3813 838 3894 ἐπιβλέπων
853 3817 895 3889 εἷς
914 3810 1033 3878 τόσον
1053 3813 1196 3880 κλύδωνα
1230 3841 1235 3851 ·

127 3907 283 3990 ἐλήλυθεν.
327 3913 416 3976 Recte
443 3918 515 3976 vidit
543 3916 757 3979 Valckenarius
792 3921 828 3980 ad
857 3919 1075 3980 Phoenissarum
1110 3924 1134 3981 l.
1168 3944 1196 3983 c.

56 4070 62 4079 ,
125 4035 231 4074 nexrnn
252 4014 326 4076 hunc
345 4039 430 4077 esser
447 4011 595 4096 λεύσσετ’,
626 4019 668 4092 εἷς
696 4016 768 4082 ὅσον
788 4015 927 4081 κλύδωνα
948 4021 1109 4106 ’ξυμφορᾶς
1137 4023 1196 4084 Οἷ-

127 4112 232 4188 ιλίπυυς
248 4109 298 4177 ὅδε
314 4113 472 4197 ἐλήλυθεν,
490 4114 569 4192 ὅςτις
585 4158 636 4185 -.
660 4123 843 4199 Participium
864 4121 1031 4200 ἐπιβλέπων
1051 4128 1195 4186 neminem

125 4217 209 4278 debet
227 4217 387 4281 offendere:
410 4221 484 4285 uilril
502 4225 616 4288 facilim
636 4237 691 4306 cst,
712 4247 798 4304 quam
817 4227 944 4304 epriore
958 4249 1045 4290 versu
1060 4229 1196 4305 supplere
