2678 4816
198 361 243 429 48
588 362 806 427 CAPUT
848 364 904 428 111.

199 567 263 617 ante
284 557 434 631 obtigerat,
455 574 567 629 vereor,
592 572 630 613 ne
650 574 708 613 non
728 554 822 614 minus
841 556 1034 634 subrisissent,
1057 577 1142 632 quam
1162 578 1224 632 nos,
1246 560 1275 617 si

198 670 295 719 nostra
315 657 385 716 haec
403 677 487 715 causa
509 666 603 730 esset,
625 656 800 733 rideremus,
825 678 897 717 neve
917 660 1031 733 inipso
1051 658 1162 733 Aiace,
1184 680 1272 734 quem
1316 708 1319 713 .

199 762 291 822 adhuc
309 762 421 819 nonani
442 759 569 817 divinum
589 757 707 816 heroem
728 769 936 835 cognoverant,
958 742 1123 819 sannionem
1142 764 1199 820 iam
1222 782 1273 821 su·

200 866 259 924 bito
281 863 514 936 conspexissent,
536 863 585 934 qui
606 870 680 920 totas
700 861 765 919 illas
786 882 833 920 res
854 862 941 920 factas
962 862 998 920 ad
1019 883 1099 921 suam
1134 864 1275 939 quandam

199 965 367 1027 vaticinandi
397 966 456 1022 vim
476 972 630 1021 revocaret.
649 997 685 1007 -
716 960 773 1023 His
794 967 881 1041 igitur
902 965 938 1022 de
964 967 1056 1023 causis
1083 968 1200 1024 minime
1228 987 1277 1024 as-

199 1071 305 1130 sentior
326 1066 447 1125 Aiacem
468 1064 606 1125 hocloco
628 1085 645 1122 a
666 1068 750 1139 polita
771 1068 967 1124 vaticinantem
988 1067 1177 1125 introductum
1194 1089 1274 1128 csse.

199 1170 265 1231 Hoc
288 1189 357 1229 sane
384 1167 449 1227 fieri
477 1170 584 1244 potuit,
622 1178 655 1225 ut
682 1165 839 1241 Sophocles
860 1167 912 1227 hac
941 1171 1086 1228 occasione
1108 1167 1216 1228 Ulissis
1244 1180 1276 1228 et

199 1271 425 1350 Agamemnonis
454 1273 598 1330 interitmn
628 1270 841 1345 recordaretur,
870 1273 938 1345 quin
970 1272 1056 1329 etiam
1083 1291 1199 1330 necesse
1229 1282 1276 1330 est

200 1397 266 1436 eum
286 1373 360 1432 lium
380 1373 558 1432 recordatum
579 1393 661 1448 esse3
685 1373 770 1431 atde
791 1393 825 1431 eo
847 1393 880 1433 se
901 1376 1064 1447 neutiquam
1093 1375 1274 1450 cogitavisse,

200 1490 233 1537 ut
255 1476 376 1537 Aiacem
395 1476 446 1533 illa
467 1476 664 1534 vaticinantem
684 1476 807 1548 faceret,
830 1477 891 1535 suis
909 1477 1001 1549 ipsius
1022 1476 1117 1534 verbis
1146 1474 1276 1533 declara·

200 1582 242 1640 vit
267 1583 360 1654 poeta.
402 1575 480 1637 Hinc
502 1579 578 1636 enim
608 1578 727 1649 optativi
756 1577 823 1653 isti,
850 1579 900 1652 qui
927 1579 1127 1637 vmtctnmtont
1156 1598 1276 1651 prorsus

200 1690 367 1757 repugnant,
390 1689 419 1738 et
439 1677 512 1737 hanc
535 1680 647 1736 omnino
669 1677 704 1737 dc
726 1680 834 1755 tribus,
857 1679 943 1756 quod,
963 1682 990 1741 si
1010 1681 1168 1738 vaticinatio
1192 1680 1278 1739 ades·

200 1794 261 1860 set,
290 1786 321 1840 in
339 1803 427 1840 arrum
449 1790 559 1839 tanturm
579 1781 697 1838 valeret.
742 1778 841 1859 Quare
870 1781 926 1840 dici
952 1785 1002 1841 vix
1027 1790 1142 1857 potest,
1171 1790 1278 1855 quanta

200 1888 238 1948 sit
259 1886 402 1943 temeritas
423 1884 628 1959 negligentiam
649 1881 785 1943 historiae
812 1886 914 1960 politae
941 1886 1011 1942 vitio
1037 1883 1121 1959 dare,
1152 1885 1202 1957 qui
1231 1882 1279 1943 hi-

202 1991 319 2051 storiam
340 1987 424 2061 plane
444 2006 501 2043 non
521 1988 663 2060 respexit,
688 1997 716 2045 et
738 1988 801 2046 iure
822 1985 938 2061 quidem
958 2004 1015 2043 non
1036 1987 1175 2059 respexit.
1212 1983 1277 2043 Da·

202 2101 263 2150 tum
284 2099 345 2149 erat
361 2091 471 2163 politae,
492 2096 534 2162 ut,
556 2088 809 2163 quomodocumque
829 2084 953 2163 Ulysscs
976 2097 1004 2145 et
1024 2086 1149 2147 Atridae
1174 2109 1278 2148 sccun-

203 2192 272 2250 dum
292 2191 440 2250 historiam
468 2190 637 2265 periissent,
672 2191 836 2264 exemplum
865 2188 918 2247 hoc
948 2190 1010 2249 loco
1042 2191 1160 2248 acerbae
1189 2200 1276 2265 atrprc

202 2295 406 2371 ignominiosae
427 2295 527 2351 mortis
542 2303 722 2367 proponeret.
766 2290 852 2371 Quod
870 2293 935 2367 quis
949 2293 1064 2367 negabit
1078 2314 1143 2350 eum
1161 2296 1278 2368 egregie

203 2397 370 2472 absolvisse,
393 2414 481 2470 quum
500 2391 623 2453 Aiacem
644 2404 765 2451 mortem
789 2394 849 2454 illis
876 2406 1039 2469 precantem
1068 2394 1170 2453 fecerit
1199 2390 1277 2476 πρὸς

202 2499 264 2559 τῶν
286 2493 431 2577 φιλίστων
451 2488 580 2576 ἐκγόνων
601 2498 746 2570 paratam?

286 2597 385 2657 Redeo
407 2617 481 2657 nunc
501 2597 537 2656 ad
556 2598 651 2656 locum
666 2597 855 2672 propositrun.
899 2595 1005 2676 Quem,
1028 2596 1169 2673 quomodo
1185 2596 1277 2677 vulgo

204 2702 374 2777 explicetur,
397 2699 533 2774 explicari
553 2700 645 2774 falso,
674 2702 842 2772 praesertim
869 2700 895 2758 si
916 2700 970 2758 alia
992 2701 1103 2758 facilior
1123 2701 1168 2759 via
1189 2696 1277 2776 adsit,

203 2805 273 2867 satis
294 2805 352 2861 iam
379 2802 500 2875 'planum
527 2821 592 2861 esse
621 2801 703 2860 duco.
747 2799 842 2860 Adest
862 2799 932 2860 haec
958 2803 1003 2861 via
1029 2800 1176 2859 facillima.
1206 2800 1278 2861 lvm-

205 2905 296 2982 genda
318 2913 385 2963 sunt
405 2896 493 2980 τήνδε
514 2897 606 2981 τύχην
628 2895 784 2976 θανόντες,
806 2901 860 2960 hoc
878 2914 942 2978 est,
967 2898 1040 2983 τῇδε
1059 2888 1136 2983 τύχῃ
1157 2898 1277 2964 θανόν-

204 3028 264 3084 τες,
286 3003 342 3065 Ιιαο
361 3019 438 3065 sorte
456 3009 572 3069 nwrtue'.
613 3003 787 3064 Notissimus
816 3014 861 3063 est
888 3025 958 3064 rusum
981 3002 1153 3063 Graecorum
1179 3009 1277 3067 verbis

205 3109 390 3168 intransitivis
411 3128 464 3185 ea,
496 3110 599 3184 quibus
621 3111 776 3167 accuratius
798 3106 970 3165 deliniuntur
989 3107 1056 3180 illa,
1087 3128 1139 3181 per
1161 3129 1277 3168 accusa-

205 3213 296 3271 tivum
317 3209 493 3285 annectendi,
515 3231 588 3285 quae
610 3211 680 3268 alias
702 3209 796 3267 dativo
816 3209 864 3267 vel
886 3211 971 3268 etiam
996 3208 1131 3268 adverbio
1155 3213 1278 3285 exprimi

206 3314 310 3374 solent.
352 3309 486 3386 Inprimis
506 3308 641 3385 frequens
671 3322 715 3371 est
745 3311 797 3369 ille
826 3313 857 3368 in
883 3311 1063 3370 annectendis
1094 3311 1278 3371 substantivis

207 3415 346 3490 cognatis,
366 3426 400 3471 ut
421 3405 571 3491 ἁμαρτίαν
592 3403 737 3491 ἁμαρτών
756 3410 846 3487 Soph.
868 3409 943 3469 Phil.
968 3420 1059 3471 1232.
1103 3411 1204 3487 Atque
1230 3413 1277 3475 his

207 3516 390 3577 substantivis
418 3516 444 3574 si
473 3513 533 3572 fore
560 3512 727 3573 adiectivum
754 3514 871 3589 aliquod
901 3515 948 3573 vel
975 3536 1130 3589 pronomen
1152 3515 1277 3591 additur,

207 3618 241 3676 fit
261 3617 316 3676 lroc
334 3626 432 3675 natrna
453 3617 507 3674 rei.
550 3614 624 3674 Nam
645 3637 732 3690 qutun
753 3618 866 3674 omnino
889 3617 920 3673 in
940 3638 1045 3692 genere
1064 3618 1119 3677 isto
1140 3619 1279 3693 loquendi

206 3719 239 3779 id
259 3721 372 3795 proprie
393 3727 502 3793 agana,
522 3728 555 3775 ut
572 3718 706 3792 verbum,
735 3719 782 3776 cui
801 3719 1008 3777 substantivum
1037 3719 1167 3793 additur,
1194 3740 1279 3779 accu-

207 3824 341 3881 ratiorem
377 3819 593 3893 explicationem
624 3820 758 3895 accipiat,
786 3821 966 3879 manifestius
986 3830 1049 3896 est,
1080 3833 1130 3881 aut
1157 3833 1278 3898 cognato

209 3924 403 3997 substantivo,
433 3931 465 3979 ut
484 3923 515 3978 in
537 3910 687 3999 ἁμαρτίαν
717 3912 918 4001 ἁμαρτάνειν,
947 3924 1163 3997 explicationem
1191 3927 1278 3983 istam

208 4046 282 4084 novo
303 4035 450 4098 praetcrea
470 4022 623 4097 vocabulo,
646 4023 692 4081 vel
714 4022 852 4082 adiectivo
870 4024 918 4081 vel
935 4027 1122 4102 pronomine,
1151 4026 1278 4085 efficien-
1324 4018 1331 4123 ρ’

208 4128 274 4186 darn
293 4148 378 4205 esse,
408 4145 473 4184 nam
494 4124 557 4183 solo
578 4137 697 4201 cognato
726 4125 850 4184 nondum
879 4123 1020 4199 efficitur,
1050 4138 1099 4186 aaut
1123 4129 1181 4185 iam
1209 4128 1278 4187 sub-
