2678 4816
172 348 216 442 iu
539 348 796 433 'curun
838 356 876 435 1.'

172 562 204 620 in
224 560 256 620 ll.
279 581 321 620 cc.
340 558 452 620 Tnoaei
479 570 507 621 et
535 558 661 637 Hippiae
688 558 821 620 Maioris.
870 559 935 622 Hac
959 562 990 620 in
1019 552 1171 635 scriptura
1185 550 1246 620 non

172 664 236 723 iure
253 662 444 738 reprehendi,
466 664 543 739 (prod
563 665 647 737 solet,
670 665 800 739 putidum
820 674 850 722 et
869 666 996 739 ineptum
1014 663 1192 722 indefinitum
1211 684 1244 723 τε

103 810 106 815 -
172 786 256 843 esse,
277 766 393 842 egregie
414 765 564 825 ostendere
584 766 698 826 videtur
719 776 892 841 opportunus
912 768 994 826 locus
1014 764 1109 839 lonis,
1131 759 1244 844 ἠγωνί-

174 865 225 942 ζου
248 888 275 927 τι
296 858 385 945 ἡμῖν;
415 865 464 926 καὶ
493 867 557 938 πῶς
577 890 605 928 τι
626 863 781 947 ἠγωνίσως
812 867 870 928 Ubi
895 879 944 927 aut
968 879 1120 943 utrumque
1148 889 1177 928 τι
1197 868 1245 925 in-

174 980 272 1045 eptum
291 979 336 1029 est
356 979 405 1028 aut
424 978 572 1028 neutrum:
604 981 669 1029 sunt
692 973 767 1029 enim
792 967 848 1030 hae
868 972 1101 1048 interrogationes
1121 969 1156 1027 ad
1177 988 1246 1028 sen·

174 1092 238 1133 sum
265 1073 351 1147 plane
379 1070 512 1149 eaedem,
542 1074 597 1130 nisi
627 1073 703 1148 quod
730 1073 819 1131 alteru
847 1076 1038 1147 praepositum
1058 1071 1144 1131 habet
1164 1071 1244 1141 πῶς.

171 1172 216 1235 At
233 1173 287 1233 hac
304 1194 375 1234 voce
395 1173 586 1249 interrogandi
606 1195 634 1233 τι
650 1177 766 1232 minime
781 1175 950 1251 excluditur,
971 1177 1136 1250 praesertim
1154 1193 1246 1249 quum

59 1334 67 1345 ,
171 1274 355 1352 iuterrogatio
374 1277 430 1335 ista
451 1277 540 1334 alteru
562 1296 601 1336 ex
624 1275 669 1334 his
690 1278 804 1351 proprie
825 1279 979 1351 composita
999 1279 1053 1334 sit:
1076 1274 1140 1334 καὶ
1162 1275 1246 1346 πῶς

172 1373 333 1458 ἠγωνίζου,
363 1371 394 1436 εἶ’
410 1398 446 1437 τι
477 1371 674 1456 pyrricham,-
706 1378 785 1459 Quid
815 1383 931 1438 autem?
962 1381 987 1437 si
1009 1400 1037 1437 τι
1063 1380 1192 1453 ineptum
1211 1378 1245 1437 in

152 1463 237 1551 ’πῶς
257 1501 306 1556 τι,
328 1500 379 1538 cur
399 1501 455 1538 non
475 1482 545 1538 item
567 1471 642 1538 ἄλλο
664 1500 712 1556 τι,
735 1472 771 1539 οὕ
792 1502 839 1558 τι,
860 1473 903 1558 μή
925 1502 969 1555 τι,
990 1472 1097 1557 σχεδόν
1116 1500 1158 1553 τι,
1180 1470 1244 1538 πά-

170 1584 207 1641 νυ
229 1602 277 1656 τι,
300 1573 376 1640 πολύ
398 1603 445 1657 τι,
468 1576 556 1639 οὐδέν
576 1601 624 1656 τι,
648 1574 741 1639 πάλαι
762 1602 808 1656 τι,
833 1575 912 1641 οὕτω
933 1602 980 1657 τι,
1002 1567 1092 1659 ἧττόν
1112 1603 1153 1658 τι,
1176 1579 1245 1641 dtu·

172 1675 326 1764 qepo'vccoc
345 1704 391 1757 τι,
413 1704 441 1742 τι
462 1683 579 1760 μᾶλλον
600 1694 629 1743 et
649 1683 812 1742 huiusmodi
833 1684 919 1742 aliisi
951 1704 1023 1758 quae
1039 1694 1133 1742 tamen
1147 1684 1245 1745 omnia

172 1781 350 1844 Graecorum
377 1785 607 1860 frequentissimo
634 1806 688 1844 usu
719 1787 844 1844 stabilita
874 1796 949 1844 saint.
1010 1783 1108 1844 Nihilo
1136 1786 1257 1863 magis-¹

171 1908 256 1963 qnam
276 1888 306 1945 in
328 1885 383 1960 his,
406 1908 434 1946 τι
455 1887 527 1946 illud
547 1889 578 1945 in
598 1887 663 1958 πῶς
683 1908 712 1947 τι
733 1890 859 1963 ineptum
881 1897 934 1947 est.
978 1884 1037 1946 Sed
1052 1886 1174 1946 hebetur
1187 1880 1243 1962 pro'

170 1991 285 2066 inepto,
307 1990 449 2063 quianon
470 1990 564 2047 statim
585 1991 771 2064 perspicitur,
804 1989 882 2063 qnid
892 1991 947 2049 sibi
967 1990 1048 2048 velit.
1090 1987 1143 2048 Est
1164 1991 1243 2050 enim

172 2092 252 2165 eius,
273 2100 306 2148 ut
325 2091 525 2166 plerarumque
546 2091 745 2166 particularum
766 2089 958 2166 Graecarum,
979 2100 1036 2149 tam
1058 2092 1172 2150 subtilis
1193 2112 1242 2153 ra-

171 2194 213 2251 tio
234 2202 319 2268 atque
339 2203 456 2269 natura,
484 2202 516 2250 ut
536 2191 749 2252 Valckenarius
775 2193 809 2250 ad
831 2191 932 2267 Eurip.
951 2191 1072 2268 Hippol.
1095 2199 1170 2254 792.
1191 2194 1243 2254 vel

173 2302 258 2370 'saepe
278 2289 446 2368 πλεονάζειν
467 2295 497 2353 id
519 2295 603 2353 dicat.
656 2294 742 2375 Quod
767 2297 860 2369 ipsum
882 2296 991 2352 etiamsi
1012 2315 1069 2352 non
1088 2296 1243 2356 contende-

170 2398 242 2471 rim,
271 2407 365 2457 tamen
386 2399 427 2456 sic
448 2407 559 2471 statuo,
577 2394 650 2454 nihil
671 2397 707 2454 de
728 2417 763 2455 eo
780 2397 846 2454 sciri
868 2417 970 2471 posse,
991 2398 1064 2473 nisi,
1087 2398 1165 2473 qnod
1184 2418 1242 2458 usn

171 2502 234 2559 'eius
256 2501 458 2576 cognorimus,
479 2499 575 2558 valere
596 2519 624 2556 τι
646 2498 682 2556 ad
703 2499 845 2556 notionem
865 2497 1011 2572 vocabuli,
1032 2501 1077 2557 cui
1098 2499 1242 2561 adiectum

119 2594 125 2605 ’
169 2602 225 2676 sit,
253 2600 434 2660 minuendam
455 2600 604 2674 paululum
622 2600 670 2658 rel
689 2599 890 2685 molliendam,
920 2601 970 2660 ubi
997 2621 1049 2660 nos
1069 2602 1132 2660 fere
1152 2617 1240 2679 elwa,

170 2717 261 2762 etwas
280 2722 462 2777 usurpamus,
482 2699 537 2760 hoc
557 2711 651 2759 autem
672 2704 753 2777 quasi
772 2703 924 2762 lenimento
945 2703 1058 2778 qrrando
1078 2705 1121 2763 uti
1141 2705 1241 2783 vellet,

171 2826 210 2865 ex
235 2805 351 2865 arbitrio
373 2805 509 2878 cuiusque
539 2804 684 2877 scriptoris
706 2805 891 2881 pependisse,
916 2819 1009 2879 neque
1037 2806 1186 2882 igiturex
1208 2809 1241 2868 vi

170 2907 233 2966 eius
254 2926 340 2981 posse
360 2907 517 2981 explorari,
536 2906 585 2963 ubi
605 2907 764 2981 ponendum
783 2909 838 2983 sit,
867 2910 915 2966 ubi
937 2929 1002 2967 non.
1055 2906 1122 2986 Quo
1143 2910 1240 2969 minus

170 3008 302 3068 audiendi
322 3007 392 3066 mihi
412 3007 544 3066 ridentur
565 3010 606 3082 ii,
629 3010 677 3084 qui
698 3010 900 3069 contenderunt
919 3031 947 3070 τι
970 3010 1152 3069 omittendum
1172 3030 1240 3071 esse
1277 2988 1282 3003 ,

170 3120 236 3186 post
258 3111 332 3181 πῶς.
375 3108 475 3170 Potius
497 3108 566 3168 haec
586 3112 648 3185 ipsa
676 3112 832 3184 particula,
863 3115 968 3187 optime
995 3111 1060 3170 fieri
1085 3113 1179 3185 potuit
1205 3121 1240 3173 ut

168 3212 252 3271 illum
272 3214 303 3271 in
323 3212 438 3271 modurn
458 3213 627 3287 molliretur,
646 3211 853 3288 dicereturque,
876 3213 953 3288 quod
966 3233 1017 3272 nos
1032 3216 1087 3272 wie
1100 3211 1236 3273 -wohh

168 3309 269 3389 Itaque
289 3314 428 3374 scribendi
449 3315 553 3372 rationi
574 3313 638 3384 πῶς
659 3336 687 3373 τι
707 3313 778 3372 nihil
798 3327 945 3392 repugnat,
966 3317 1022 3374 nisi
1042 3315 1139 3374 forsan
1160 3314 1240 3391 quod

168 3436 231 3475 rara
253 3425 307 3476 est.
349 3413 395 3475 At
414 3414 499 3474 modo
520 3417 674 3475 mutareris
694 3437 894 3492 usquequaque
916 3417 989 3492 πῶς,
1011 3414 1043 3475 τί
1058 3418 1088 3475 in
1109 3416 1175 3488 πῶς
1195 3438 1238 3496 τι,

168 3514 336 3576 habebimus
353 3519 447 3577 statim
465 3519 548 3592 plura
563 3516 648 3577 huius
661 3519 812 3577 locutionis
830 3520 972 3593 exempla.
1003 3516 1125 3596 Interea,
1147 3530 1240 3594 quam

168 3628 230 3678 tum
251 3622 321 3697 scio,
343 3612 547 3700 διαφερόντως
567 3642 596 3680 τι
617 3621 708 3679 semel
729 3630 834 3678 tantum
856 3620 931 3695 apud
947 3618 1157 3697 Thucydidem,
1179 3613 1238 3679 πά-

168 3722 220 3782 λαι
240 3743 269 3781 τι
290 3723 381 3782 semel
396 3732 502 3781 tantum
523 3721 598 3797 apud
618 3719 782 3798 Platonem,
805 3714 884 3781 οὕτω
906 3717 944 3801 δή
966 3744 993 3781 τι
1015 3724 1106 3782 semel
1128 3732 1238 3783 tantum

168 3823 244 3898 apud
257 3821 437 3884 Herodotum
457 3826 638 3899 reperiuntur
659 3832 687 3882 et
708 3834 802 3883 tamen
818 3825 981 3883 labefactari
996 3833 1150 3900 nequeunt,
1169 3827 1238 3900 quia

167 3934 235 3986 sunt
253 3926 346 3983 millia
368 3927 509 4001 exempla,
530 3927 580 3985 ubi
600 3946 629 3984 τι
648 3927 774 3984 ornnium
788 3946 924 4002 generum
938 3925 1081 3985 vocabulis
1095 3925 1238 3985 adiectum

167 4036 222 4086 est.
273 4024 399 4086 Omnino
428 4029 504 4085 enim
530 4025 584 4086 hac
612 4029 644 4086 in
667 4048 700 4086 re
726 4048 782 4086 non
810 4037 867 4086 tam
888 4027 1055 4088 uocabulum
1075 4026 1237 4104 urgendum

168 4139 228 4204 est,
250 4129 294 4188 cni
313 4127 440 4188 inhaeret
461 4150 508 4202 τι,
530 4150 615 4203 quam
635 4132 783 4189 auriversus
803 4127 887 4187 hunius
906 4128 1030 4187 adverbii
1048 4149 1118 4188 ursus
1138 4131 1237 4203 respi-

168 4230 302 4308 ciendam,
333 4232 400 4308 quia
425 4229 590 4292 adverbium
611 4251 668 4293 non
688 4253 706 4290 a
726 4231 865 4293 vocabulo
883 4230 1005 4308 pendet,
1032 4252 1131 4294 venun
1149 4250 1236 4293 voca·
