2678 4816
125 364 148 427 o
518 355 806 422 CAPUTI.

129 547 258 611 Oldlnoo
280 550 381 609 κακῶν
409 541 528 608 οὐδὲν
558 544 682 606 λείπει
715 547 774 619 [vel
795 546 853 606 tale
874 545 974 624 qsrid],
1006 537 1109 606 ὁποῖον
1129 538 1200 623 οῧχὶ

125 655 186 735 νῷν
207 647 249 711 ἔτι
272 645 381 724 ζώσαιν
402 652 495 725 τελεῖ,
525 671 596 725 quae
625 652 794 708 constructio
815 659 880 723 post
909 647 1010 708 κακῶν
1039 649 1127 707 ineisa
1154 656 1202 706 est

126 756 215 813 altera
236 741 291 828 ἄρ’
316 745 410 813 οἶσθα
437 753 498 812 τῶν
527 747 585 810 du'
620 749 748 811 Οἰδίπου
770 751 883 826 κακῶν,
906 742 1011 810 ὁποῖον
1031 743 1111 819 Ζεύς
1131 742 1201 825 οὐχὶ

126 857 188 937 νῷν
210 849 252 915 ἔτι
275 848 345 927 ζῶσ.
365 855 448 914 τελεῖ.
492 852 553 932 Qui
573 854 706 928 loquendi
718 853 827 921 ,modus
845 856 874 910 in
888 862 1004 928 promtu
1018 862 1071 924 est,
1094 859 1202 926 qrranto

126 960 164 1019 sit
184 959 277 1031 aptior
298 957 334 1014 ad
355 956 553 1015 declarandum
574 967 681 1015 motum
701 953 881 1032 Antigonae,
914 975 999 1030 quam
1019 955 1124 1011 misera
1144 954 1202 1011 ista

128 1080 161 1120 ac
188 1059 292 1119 debilis
318 1059 505 1117 accrunulatio
532 1049 549 1117 ὅ
571 1079 599 1117 τι
621 1092 665 1104 -
681 1049 797 1118 ὁποῖον.
847 1055 927 1116 Neve
954 1066 1075 1116 attentes
1102 1055 1202 1114 locum

129 1159 206 1219 oea.
233 1159 381 1238 Tyranni,
411 1163 442 1219 in
471 1182 527 1235 quo
556 1159 738 1237 gaudendum
759 1169 803 1219 est
824 1150 841 1218 ὅ
862 1179 890 1217 τι
912 1158 1030 1217 anullo
1051 1157 1126 1216 libro
1147 1175 1203 1215 ex-

126 1259 229 1322 hiberi.
439 1258 442 1263 ’

212 1364 311 1424 Redeo
332 1365 369 1423 ad
389 1365 560 1424 locutionem
580 1363 661 1438 πῶς,
683 1359 722 1422 τί.
764 1362 812 1422 De
834 1383 889 1438 qua
910 1361 1100 1436 disputantem
1119 1356 1204 1419 Zela-

127 1467 266 1542 lickium,
297 1469 327 1525 in
355 1467 550 1525 dissertatione
579 1465 615 1524 de
638 1466 748 1539 aliquot
768 1466 841 1524 locis
859 1463 1025 1541 Antigonae
1044 1472 1110 1522 ante
1131 1482 1204 1537 qua·

130 1569 290 1628 drieunium
310 1570 372 1627 fere
393 1568 479 1643 edita,
501 1569 641 1626 recensuit
662 1588 753 1641 nuper
774 1565 956 1625 Hermannus
976 1568 1007 1623 in
1026 1565 1204 1640 praefatione

129 1673 300 1731 novissimae
329 1670 460 1728 editionis
487 1667 588 1745 Autigr.
611 1691 640 1743 p.
657 1666 704 1727 Vl
725 1690 788 1744 sqq.
841 1666 876 1726 In
904 1691 960 1743 quo
988 1670 1014 1726 si
1036 1665 1204 1727 Hermanno

130 1774 255 1831 maxima
276 1781 414 1844 exparte
436 1774 589 1844 assentior,
614 1773 754 1830 assentior
774 1773 823 1844 ita,
842 1781 876 1829 ut
895 1792 951 1829 non
973 1771 1110 1844 dubitem,
1133 1770 1205 1844 quin

130 1876 169 1934 sit
189 1893 288 1931 revera
310 1871 416 1945 duplex
436 1873 618 1947 iuterrogatio
633 1872 707 1931 illud
724 1873 797 1946 πῶς,
816 1869 853 1931 τί.
896 1870 988 1946 Atcpri
1003 1871 1116 1930 videtur
1130 1868 1204 1949 milri

131 1986 250 2049 uterque
270 1976 314 2033 vir
336 1974 435 2031 doctus
455 1974 484 2029 in
506 1993 540 2031 eo
561 1996 618 2032 non
637 1976 739 2033 leviter
755 1977 926 2048 peccavisse,
949 1973 1024 2048 quod
1040 1973 1076 2032 de
1091 1973 1204 2031 ratione

131 2074 216 2134 lruirrs
234 2076 354 2150 duplicis
382 2076 609 2150 interrogationis
636 2077 863 2151 disputaverunt,
891 2086 1042 2150 autequam
1069 2073 1125 2134 lroc
1153 2073 1205 2133 de-

131 2188 372 2252 monstraverant,
393 2197 457 2236 esse
478 2197 577 2236 revera
599 2178 687 2250 illud,
715 2180 751 2238 de
772 2201 828 2254 (pro
850 2179 1037 2253 disputarent,
1059 2177 1205 2252 duplicem

130 2282 395 2356 interrogationum
423 2278 499 2353 quod
526 2299 612 2354 nego.
665 2279 759 2357 Πῶς,
788 2277 819 2339 τί
844 2292 943 2338 natura
964 2300 1016 2338 sua
1039 2279 1096 2338 diei
1116 2298 1204 2354 posse

132 2392 240 2442 certrun
262 2392 322 2441 este
343 2402 410 2439 nam
430 2392 546 2457 possunt
566 2384 733 2456 interrogari
756 2383 832 2456 duo,
861 2382 946 2440 modo
967 2381 1060 2440 adsint
1079 2383 1206 2456 particu-

131 2483 178 2543 lae
199 2483 272 2542 duae
293 2485 528 2559 interrogativae,
550 2485 623 2542 sieut
644 2483 744 2541 adsunt
764 2486 794 2540 iu
816 2483 880 2554 πῶς
901 2481 940 2543 τί.
993 2482 1042 2542 Ac
1061 2492 1141 2558 patet
1160 2482 1206 2541 di·

132 2605 216 2646 versa
236 2605 301 2644 esse
321 2582 392 2643 haec
413 2585 489 2661 duo,
510 2604 583 2660 quae
603 2587 772 2660 interrogari
792 2595 925 2660 possunt:
948 2586 1107 2662 signrilieaut
1127 2587 1206 2645 enim

134 2685 264 2762 diversa,
294 2707 366 2761 quae
387 2686 498 2745 diversa
520 2696 594 2744 srrnt.
644 2685 707 2744 Etsi
728 2707 822 2761 neque
842 2686 897 2745 lroc
917 2697 1012 2762 potest
1031 2688 1131 2764 negari
1152 2688 1207 2746 illa

134 2787 199 2857 πῶς
220 2797 250 2846 et
269 2785 316 2863 τί,
343 2791 520 2862 quantumvis
547 2788 661 2848 diversa
687 2789 780 2847 forent
809 2810 872 2848 cum
901 2792 1002 2864 (proris
1029 2791 1087 2848 alio
1115 2790 1206 2849 verbo

135 2899 310 2966 constructa,
338 2900 433 2948 tamen
462 2890 497 2947 ad
518 2889 593 2949 idem
614 2911 704 2965 paene
725 2891 819 2950 redire
841 2894 871 2949 in
891 2889 946 2950 lroe
966 2893 1054 2951 uerbo
1075 2889 1208 2970 dicendi,

134 2992 210 3068 quod
230 3012 346 3069 prorsus
366 2991 518 3066 respondet
538 3003 634 3052 nostro
655 2996 776 3056 melnen.
814 2991 867 3051 Est
887 2995 963 3052 euim
983 2992 1084 3052 lionam
1104 2995 1209 3054 verbo-

135 3115 199 3152 rum
220 3102 277 3152 tam
299 3095 392 3169 ampla
413 3104 498 3168 atque
517 3097 648 3154 universa
669 3080 766 3169 notio,
794 3106 827 3153 ut
848 3095 1039 3172 declarantes,
1060 3094 1135 3176 quid
1154 3098 1207 3174 ait,

134 3195 212 3270 quod
232 3195 353 3271 dicatur,
375 3198 463 3255 siruul
484 3196 660 3256 dedareanus
682 3195 807 3271 moderna,
829 3198 935 3276 quaid
957 3198 1075 3275 dicatur,
1096 3208 1126 3257 et
1139 3218 1209 3258 con·

134 3306 189 3356 tra.
244 3295 294 3357 Sic
322 3298 388 3370 πῶς
414 3296 505 3359 τοῦτο
535 3296 627 3378 λέγεις
656 3309 685 3358 et
705 3295 736 3357 τί
752 3300 842 3357 τοῦτο
865 3296 956 3378 λέγεις
980 3299 1021 3371 [la.
1045 3321 1071 3358 e.
1093 3296 1125 3358 τί
1143 3298 1209 3360 ἔστι

134 3399 244 3475 τοῦτο,
264 3393 280 3459 ὃ
302 3395 405 3478 λέγεις]
428 3421 485 3458 non
506 3399 650 3474 differunt,
670 3402 726 3457 uisi
745 3410 777 3458 ut
797 3402 877 3474 prius
899 3403 945 3474 sit,
968 3405 1024 3459 wie
1037 3406 1141 3461 κιαίκα
1164 3400 1208 3461 du

135 3498 202 3577 dces,
233 3502 373 3577 alterum,
401 3521 464 3561 was
485 3506 587 3562 νααίαεν
608 3503 651 3562 du
671 3501 782 3578 demit,
810 3504 963 3576 inquibus
984 3505 1034 3562 vix
1056 3507 1208 3579 quisquam

135 3602 256 3660 multum
278 3602 348 3678 quid
369 3603 520 3662 diseemat.
561 3603 663 3679 Itaque
692 3624 747 3662 non
774 3623 893 3678 prorsus
920 3603 994 3662 falso
1023 3603 1209 3683 Zelrlickius,

137 3705 215 3780 quod
238 3706 290 3763 illa
321 3705 378 3764 dno
408 3706 507 3765 eadem
536 3726 600 3765 esse
631 3705 830 3782 contenderat,
859 3707 943 3765 modo
971 3727 1008 3765 ne
1029 3707 1212 3766 distinxisset

136 3807 217 3878 πῶς,
245 3804 386 3886 τίλέγεις
406 3819 436 3866 et
457 3808 542 3884 πῶς,
573 3804 606 3867 τί
623 3809 712 3868 τοῦτο
734 3803 841 3886 λέγεις,
871 3830 945 3884 qrrae
966 3819 1032 3869 sunt
1052 3808 1210 3882 eiusmodi,

136 3916 168 3965 ut
189 3907 264 3981 quod
285 3907 321 3966 de
342 3929 417 3984 rino,
444 3908 480 3968 de
509 3911 600 3970 altero
622 3931 734 3986 quoque
755 3912 864 3986 valeat,
890 3932 964 3970 neve
992 3922 1108 3987 propter
1133 3909 1212 3970 hane

136 4009 352 4067 similitudinem
381 4013 495 4069 omnino
526 4011 583 4070 dici
602 4032 688 4087 posse
708 4015 869 4088 negavisset
887 4012 967 4088 πῶς,
996 4010 1029 4072 τί
1046 4012 1136 4071 τοῦτο
1159 4008 1212 4072 λέ

137 4129 206 4188 pag.
250 4109 322 4169 Nam
344 4123 437 4186 potest
458 4112 528 4173 haec
551 4114 688 4190 loquendi
708 4117 781 4173 ratio
803 4115 839 4173 ad
861 4136 959 4173 eorum
977 4114 1212 4189 pleonasmornm

137 4232 227 4288 genus
249 4213 367 4291 referri,
397 4217 447 4292 qui
466 4217 624 4293 pleonasmi
645 4218 760 4294 quidem
781 4239 799 4278 a
819 4219 900 4279 nobis
921 4219 989 4279 dicti
1009 4220 1213 4297 grunmatieae
