2678 4816
640 150 649 201 l

425 242 522 299 ,Γ

405 379 913 458 ιιιιοοοιιινιια
1152 333 1218 452 ina

149 587 204 640 est.
246 575 349 653 Atque
369 576 400 636 id
419 576 514 650 ipsum
535 575 603 634 dicit
622 571 670 632 lric
684 570 868 649 Philoctetes,
887 574 939 634 sed
960 583 1036 633 certa
1054 575 1111 632 ista
1130 573 1220 633 iuter-

148 679 335 755 vallelonga
356 699 430 738 esse.
473 675 575 751 Neque
595 677 734 735 assentior
754 672 926 751 Wundero,
959 678 1008 750 qui
1033 676 1069 733 ad
1099 669 1219 752 ἐξεπλή-

151 784 215 860 obp
244 782 373 856 suppleri
399 780 477 838 iubet
507 772 632 848 πλάνοις
653 788 681 836 et
703 786 792 835 totum
814 779 906 835 locum
929 779 971 837 sio
999 779 1218 852 interpretatur:

150 883 267 944 morbus
272 928 282 957 ,
303 880 354 941 ubi
374 879 418 940 ud
436 884 596 939 smietntem
616 901 706 958 usque
721 902 781 954 per
801 901 907 955 cerpus
925 894 1048 954 rogasses
1059 895 1111 956 ess,
1133 880 1221 955 longo

152 971 302 1046 interiecto
335 998 462 1058 ternpore
493 979 571 1040 redit
602 980 700 1039 eodem
723 1003 837 1056 seraper
861 980 944 1041 modo
963 1003 1142 1067 perungens.
1185 981 1223 1042 ln

153 1090 257 1165 quibus
286 1105 339 1145 nec
366 1087 436 1143 satis
458 1094 522 1158 apta
549 1086 686 1143 sententia
705 1086 798 1158 inest,
827 1105 880 1142 nec
901 1087 968 1143 satis
999 1087 1096 1161 gravis
1125 1106 1220 1160 carna,

94 1140 134 1311 μ·
153 1210 205 1250 our
225 1187 396 1246 Philoctetes
417 1185 636 1261 Neoptolemum
656 1185 823 1258 admoueat,
851 1205 888 1245 ne
907 1199 1050 1273 versatum
1095 1185 1156 1248 Sed
1172 1209 1224 1248 ne·
1281 1182 1284 1191 ¹

154 1312 211 1368 que
231 1288 396 1349 Hermanno
416 1289 574 1363 adstipulor
594 1288 704 1362 putanti
722 1287 897 1361 perabsurde
917 1288 1015 1363 loqui,
1045 1291 1095 1363 qui
1123 1291 1242 1353 absen·.

155 1395 226 1452 tiam
245 1392 336 1449 morbi
356 1393 538 1465 vagationem
556 1389 662 1465 dicat,¹
676 1391 758 1463 quasi
787 1390 851 1450 aliis
878 1392 908 1448 in
925 1390 997 1450 loeis
1018 1390 1090 1450 alios
1110 1392 1160 1451 ille
1180 1395 1226 1451 iu·-

155 1504 237 1554 terea
262 1489 393 1553 liomines
422 1500 519 1551 vexet.
563 1487 674 1550 Censeo
696 1493 773 1549 enim
791 1491 924 1566 equidem
951 1493 1039 1551 talem
1069 1495 1226 1553 absentiam

155 1616 214 1657 uon
234 1604 342 1654 tautrrm
362 1603 440 1653 recte
459 1593 639 1669 vagationem
668 1592 740 1666 dici,
768 1593 924 1652 sedetiam
944 1591 1000 1652 lroo
1019 1595 1083 1654 loco
1105 1616 1122 1654 a
1142 1599 1228 1672 polita

157 1707 255 1758 nostro
283 1696 349 1755 dici.
391 1694 466 1755 Nam
491 1694 576 1754 sedes
604 1695 697 1753 morbi
724 1715 776 1769 pes
799 1693 976 1756 Philoctetae
1004 1706 1063 1755 est:
1094 1719 1148 1773 qua
1178 1700 1235 1759 ubi.

156 1799 258 1858 relicta
279 1800 381 1858 absens
399 1808 461 1873 est,
490 1817 526 1855 ea
545 1798 607 1872 ipsa
630 1795 666 1854 de
689 1816 773 1854 οαιιοιι
793 1819 885 1873 augus
912 1799 1075 1858 nominatur
1101 1801 1231 1878 morbus,

159 1902 227 1976 quia
247 1902 305 1958 iam
325 1900 422 1960 sedern
442 1899 551 1958 nullam
582 1896 684 1974 habet3
712 1899 761 1958 ubi
791 1919 860 1958 vero
881 1900 972 1975 redit,
1001 1912 1093 1981 cessat
1122 1906 1231 1979 vagari,

138 2004 230 2079 ‚quia
251 2003 310 2060 iam
328 2021 429 2061 rursus
450 1998 604 2059 adsedem
630 2020 711 2059 suam
738 2003 879 2074 pervenit.
926 2000 1045 2077 Vugmn
1073 2014 1117 2064 est
1143 2007 1231 2083 enim,

161 2102 240 2180 quod
260 2124 313 2164 seu
333 2105 432 2162 nolens
454 2122 506 2161 seu
524 2101 623 2161 volens
643 2100 700 2161 ltus
720 2102 790 2160 illuc
810 2102 921 2180 fertur,
947 2105 1013 2178 quia
1030 2105 1078 2164 vel
1098 2106 1233 2179 quamdiu

162 2206 234 2268 sede
262 2215 349 2265 caret.
391 2203 469 2264 Hinc
497 2203 647 2280 πλανῆται
676 2215 811 2263 vocantur
840 2224 891 2263 eae
923 2205 1041 2281 stellae,
1071 2228 1144 2281 quae
1165 2207 1234 2267 sede

162 2319 296 2367 vacantes
316 2317 455 2382 perpetuo
473 2317 621 2365 moventur
642 2316 727 2380 atque
749 2307 930 2380 opponuntur
949 2309 1003 2383 iis,
1035 2329 1108 2382 quae
1130 2320 1236 2368 cenam

162 2410 264 2486 sedem
283 2409 388 2470 babent
409 2419 438 2468 et
458 2409 522 2467 loco
541 2429 594 2468 suo
616 2428 648 2467 se
669 2429 726 2466 uon
749 2418 871 2467 movent.
916 2407 990 2468 Sunt
1015 2421 1109 2468 autem
1138 2412 1236 2485 plane·

166 2522 214 2572 tae
234 2515 365 2572 continuo
386 2533 494 2588 vagae,
525 2512 642 2570 morbus
672 2510 724 2569 ille
752 2513 865 2568 nomnisi
895 2512 1029 2586 quamdiu
1050 2512 1152 2573 absens
1181 2523 1236 2574 est.

165 2610 268 2690 Itaque
296 2635 411 2674 sensum
439 2613 524 2674 burins
550 2615 607 2673 loci
635 2609 710 2675 bimo
741 2633 804 2672 esse
833 2623 943 2673 statuo:
973 2635 1043 2673 num
1056 2636 1143 2693 qaum
1174 2619 1239 2691 pm·-

100 2746 103 2750 ·
167 2738 246 2776 ntum
271 2715 423 2798 dfferbuit
454 2715 571 2776 atrorbus
578 2762 587 2790 ,
616 2737 676 2792 per
706 2716 796 2791 longo
834 2715 948 2775 demum
973 2739 1009 2776 οο
1032 2720 1127 2791 paria
1150 2722 1240 2777 inter-
1253 2704 1271 2743 ¹*

167 2818 251 2877 νιιΖΙιι
269 2834 393 2894 vagatus
407 2818 495 2878 redit.
538 2818 586 2878 De
607 2810 716 2877 πλάνοι
750 2811 842 2897 1λ’νιειν
864 2817 1034 2878 Wunderus
1063 2820 1134 2878 bene
1164 2840 1240 2879 cont-

169 2932 253 2996 psrat
267 2919 343 2981 0ed.
365 2919 438 2999 Tyr.
462 2928 514 2997 67,
537 2915 609 2980 ἀλλ’
634 2915 714 2980 l'ore‘
756 2915 812 2979 λλδι
834 2917 890 2996 μέν
910 2941 948 2996 με
968 2914 1163 3003 δακρύσαντα
1190 2918 1240 3001 δὴ,

172 3018 289 3095 πολλάς
309 3020 341 3082 δ’
366 3015 457 3094 ὃδοδς
479 3016 611 3083 ἐλθόντα
631 3021 793 3103 φροντίδος
815 3015 950 3093 πλάνοις.

659 3127 686 3202 ς.
711 3132 762 3186 ιν.

258 3225 300 3287 V.
325 3235 386 3289 838
403 3248 467 3302 sqq.
500 3225 649 3286 Permittat
670 3225 881 3287 celeberrimus
901 3225 1094 3301 Hermolaum,
1116 3236 1148 3285 ut
1161 3247 1245 3286 usur-

174 3353 251 3410 pem,
267 3353 339 3406 quae
352 3333 416 3406 ipse
431 3350 522 3404 nuper
535 3332 564 3387 in
581 3329 673 3389 literis
689 3330 725 3389 ad
740 3342 847 3405 patrem
863 3350 958 3389 meum
972 3330 1045 3389 datis
1062 3330 1098 3388 de
1114 3328 1247 3388 hocloco

175 3436 352 3515 perscripsit.
387 3431 447 3510 Qui
464 3435 493 3490 in
509 3435 652 3507 praesenti
666 3443 755 3492 tottun
774 3453 839 3492 eum
852 3441 882 3491 et
896 3402 997 3519 stridit
1010 3442 1039 3491 et
1054 3431 1178 3507 disponit
1189 3433 1229 3489 ita
1241 3453 1251 3492 ι

337 3530 429 3595 'stt’
453 3527 499 3594 tu
524 3528 600 3617 οοιᾳ
940 3510 951 3541 ⁴

280 3678 282 3682 -
357 3629 522 3720 μάκιοτον,
544 3630 622 3697 κεῖνά
644 3659 721 3714 μοι,
743 3642 832 3714 κεῖνο,
855 3628 952 3719 λάθρ’

360 3738 461 3811 ι”ξιδοῦ
485 3733 567 3812 ὅπως
589 3735 721 3817 πράξεις.

252 3864 255 3867 ·
321 3881 323 3887 ·
361 3834 455 3902 οἶσθα
476 3837 534 3921 γὰρ
558 3827 600 3901 ὧν
623 3838 776 3916 αὐδῶμαι,

121 3974 152 4021 ῃ
361 3943 387 4003 sl
407 3939 464 4004 τάν
484 3936 579 4004 αὗτάν
598 3965 641 4025 τῳ
662 3936 785 4022 γνώμαν
803 3936 904 4018 ἴσχεις,

361 4040 446 4123 μάλα
469 4068 515 4106 τοι
538 4040 639 4125 daupu
661 4050 795 4114 ποκινοῖς
816 4041 920 4102 ἐνιδεῖν
942 4035 1041 4120 πάθη.

183 4149 284 4212 Vertit
300 4160 394 4210 erstem
415 4149 486 4209 llaec
508 4152 563 4208 ita:
584 4147 678 4224 „aber
697 4151 797 4207 soweit
817 4145 859 4204 clu
876 4168 935 4204 ιιιιν·
954 4143 1077 4221 lonast,
1102 4143 1179 4206 siebe
1199 4147 1263 4204 mir·

184 4251 315 4336 claraqf,
329 4250 458 4334 darauf,
472 4256 525 4312 ινίι
533 4250 576 4312 ιλιι
588 4273 619 4311 es
631 4248 795 4311 uslausein
810 4247 976 4331 secessim,
998 4248 1090 4310 Dema
1101 4247 1144 4308 du
1154 4252 1259 4324 ινιίοαι,
