2676 4806
227 774 270 837 V.
286 783 348 837 399
365 797 429 852 sqq.
451 771 532 834 Aiax
550 777 595 834 sic
615 777 803 838 lamentatur:

423 884 476 936 noi
491 873 596 954 μολών
616 879 716 956 petrei,-

423 978 450 1039 εἶ
470 975 509 1040 τὰ
529 977 585 1057 μὲν
608 979 726 1061 φθίνει,
750 977 845 1060 φίλοι,

422 1077 519 1153 τοΐςιλ’
544 1074 621 1159 ὁμοῦ
640 1079 742 1159 πέλας,

422 1190 541 1266 μωροῖς
563 1180 595 1244 d'
619 1179 727 1266 ἄγραις
747 1181 951 1267 προςκείμτθα
964 1217 1006 1231 -

139 1278 216 1348 Non¹
233 1289 373 1348 assentior
392 1285 558 1348 Hermanno
588 1289 722 1347 scribenti
751 1286 877 1359 τοιοΐςὸε
904 1291 1095 1366 provulgata
1116 1290 1213 1363 τοΐςδε

138 1392 334 1464 venientique:
367 1395 394 1450 si
415 1389 609 1464 silentibus,
631 1390 734 1468 qualia
754 1387 802 1449 ln'c
824 1395 958 1466 cernitis,
977 1407 1112 1466 pereunt.
1155 1394 1214 1458 Fa-

139 1501 204 1552 teor
231 1491 301 1551 milri
327 1491 399 1553 haec
426 1514 528 1567 partun
547 1493 688 1566 explicate
709 1502 738 1551 ct
759 1494 905 1552 enucleate
925 1515 1061 1568 expressa
1084 1516 1148 1554 esse
1169 1499 1213 1556 vi-

141 1594 215 1652 deri.
265 1591 303 1652 Et
331 1616 404 1669 quae
425 1605 493 1654 saint
511 1594 626 1657 modern
646 1596 702 1653 ista
723 1594 814 1668 talin,
842 1597 944 1674 qncdr'o
964 1601 1057 1656 cernit
1080 1594 1212 1658 Odorem?

139 1696 223 1756 suror
240 1693 363 1755 Aiacis?
391 1696 469 1755 aliud
497 1698 573 1756 enirn
593 1699 712 1772 cogitari
731 1699 839 1770 nequit.
892 1696 937 1757 At
957 1698 1141 1760 vehementer
1157 1703 1212 1760 mi-

137 1818 238 1874 rarer,
267 1801 292 1858 si
319 1802 402 1872 poeta
422 1798 547 1857 fluorem
568 1800 655 1857 istum
682 1801 723 1857 sic
751 1803 955 1874 expressisset:
986 1802 1079 1878 talin,
1109 1803 1211 1882 qnalin

137 1896 187 1960 tte
207 1903 334 1976 cernitis,
359 1903 527 1973 praesertim
548 1922 635 1974 quum
657 1899 737 1960 Aiax
756 1903 815 1961 iam
834 1923 932 2003 qursus
954 1904 989 1961 ad
1013 1925 1111 1963 sanam
1132 1927 1212 1964 men-

138 2011 198 2062 tem
218 2003 352 2061 reductus
373 2012 460 2061 esset.
503 1999 556 2059 An
577 2006 669 2060 omnia
691 2004 761 2079 illa,
788 2026 862 2078 qnae
883 2026 900 2063 e
920 2005 1017 2064 furore
1037 2008 1093 2065 isto
1113 2029 1211 2066 mana-

139 2108 258 2164 verant?
294 2102 339 2163 At
366 2106 431 2178 quis
458 2125 582 2178 unquam
614 2102 740 2162 Graccus
766 2104 838 2164 lraec
857 2097 935 2181 ὁμσῦ
957 2104 1050 2178 πέλας
1071 2100 1144 2167 εἶναι
1167 2110 1211 2168 di-

140 2208 253 2266 xisset'l
289 2204 329 2264 Et
349 2208 390 2266 sic
412 2207 538 2264 locutum
560 2227 624 2265 esse
646 2206 792 2264 credamus
815 2203 1005 2282 Sophoclem?
1044 2208 1127 2269 Nihil
1148 2233 1212 2271 mu·

140 2307 257 2367 tandum
277 2318 331 2368 est.
375 2307 487 2384 Aperte
508 2311 649 2384 repetitur
668 2307 723 2367 hoc
744 2310 819 2384 loco,
842 2309 917 2383 quod
932 2307 1013 2368 Aiax
1029 2331 1057 2370 v.
1071 2316 1131 2371 365
1147 2332 1213 2388 sqq.

140 2409 267 2471 discretz
291 2404 315 2470 ὦ
338 2403 488 2490 δῦςμσοος
510 2405 543 2483 ὃς
552 2409 637 2491 χερσὶ
658 2409 714 2487 μὲν
734 2411 857 2488 μεθῆκα
879 2406 951 2481 τοὺς
972 2405 1155 2494 ἀλάστορας,
1179 2412 1210 2473 ἓν
1280 2414 1284 2425 ’

138 2508 176 2574 d'
206 2508 332 2585 ἑλίκεσσι
362 2511 452 2590 βουσί
482 2511 532 2573 καί
562 2514 681 2584 κλοτοῖς
702 2506 800 2572 πεσὼν
822 2511 971 2585 αἰπολίοις
993 2509 1115 2596 {pepercit
1137 2507 1216 2592 αἷμ’

137 2609 259 2677 {lieven-
301 2614 366 2676 Hoc
386 2616 471 2675 modo
492 2610 531 2674 τὰ
551 2611 607 2693 μὲν
627 2625 711 2692 sunt,
743 2616 786 2674 uti
805 2613 987 2675 Hermannus
1009 2637 1121 2692 quoque
1142 2637 1212 2677 seu-

138 2720 191 2794 tit,
220 2717 324 2778 Aiacis
351 2718 505 2777 ulciscendi
531 2715 689 2794 cupiditas,
720 2718 881 2792 quamodo
904 2729 968 2778 ante
989 2721 1210 2779 exclamaverat:

140 2822 206 2892 πῶς
225 2815 264 2889 ἂν
282 2815 334 2907 τοι
357 2812 586 2896 αἱμυλώτατον,
615 2813 727 2900 ἐχθρὸν
749 2813 871 2897 ἀλημα,
899 2813 971 2890 τούς
990 2842 1021 2881 τε
1043 2815 1211 2903 δισσάρχας

139 2919 269 2994 ὀλέσσας
288 2925 424 3000 βασιλεῖς
445 2920 530 2991 τέλος
552 2912 680 2997 θάνοιμι
695 2914 828 2996 καύτός,
858 2933 887 2982 et
914 2943 987 2998 quae
1014 2945 1051 2984 ex
1080 2935 1209 2986 veterum

139 3030 281 3088 sententia
308 3036 367 3085 tam
395 3024 550 3084 honorifica
579 3033 658 3095 erat,
688 3034 720 3083 ut
749 3044 811 3083 eam
840 3027 969 3084 satiatam
998 3048 1056 3085 nou
1076 3048 1141 3087 esse
1163 3027 1211 3086 vel

140 3132 295 3190 amicontm
315 3130 428 3187 nomine
449 3136 584 3202 queratur
608 3124 645 3196 [el
659 3120 697 3184 τὰ
714 3122 770 3203 μὲν
784 3124 897 3207 φθίνει,
921 3124 1036 3207 qdod.-
1057 3130 1114 3187 vid.
1133 3127 1210 3188 Les-

140 3235 230 3310 singii
249 3231 455 3305 Laocoont.‘p.
472 3233 524 3290 43.
570 3224 677 3298 Τοῖςιλε
704 3238 799 3287 autern
820 3229 948 3305 intelligo
970 3250 1033 3287 curn
1050 3228 1209 3305 Brunckio,

139 3340 206 3407 τοῖς
221 3327 414 3411 βοσκήμασιε
445 3329 515 3391 haec
536 3331 612 3390 enirn
630 3332 728 3390 vesani
748 3328 849 3388 Aiacis
870 3351 985 3388 manum
1006 3331 1040 3388 ab
1061 3328 1158 3388 Ulissc
1178 3333 1210 3391 'et

141 3428 255 3498 Atridis
279 3438 310 3494 in
339 3455 372 3494 se
400 3435 561 3493 avertebant
589 3442 618 3491 et
637 3442 714 3490 recte
735 3431 865 3490 dicuntur
887 3423 964 3509 ὁμοῦ
989 3428 1081 3503 πέλας
1108 3414 1209 3492 luisse.

139 3536 281 3598 Probatur
302 3537 372 3598 lracc
397 3538 547 3610 explicatio
568 3536 620 3593 illa
638 3537 699 3609 ipsa
720 3554 789 3593 voce
811 3526 906 3612 ὁμοῦ,
938 3556 992 3609 qua
1019 3533 1095 3593 haud
1124 3535 1209 3593 dubie

79 3642 87 3659 ’
139 3641 278 3701 indicatur
298 3639 395 3700 eodem
415 3653 558 3714 ternpore,
581 3659 637 3712 quo
659 3635 777 3695 Atridas
797 3637 957 3696 interficere
977 3637 1100 3696 voluerit
1119 3634 1210 3714 Aiax,

140 3763 243 3818 pecora
271 3742 396 3802 offinsse.
443 3739 491 3799 De
520 3742 624 3798 omisso
648 3727 714 3800 οίισι
736 3724 774 3798 ιοιλ
795 3738 890 3810 reicola
911 3739 976 3799 vide
1001 3736 1210 3798 Hermannmn.

141 3841 252 3904 Sensus
273 3866 347 3903 nrrrrc
367 3853 429 3903 est:
459 3840 511 3901 ott
530 3846 689 3921 quiescam,
711 3847 739 3901 si
758 3843 813 3901 tile
834 3839 1003 3917 perduntur
1021 3837 1066 3898 Iris
1088 3863 1149 3900 nnn
1167 3845 1210 3898 σι’-

139 3950 215 4015 cinis
237 3961 265 4006 et
277 3967 390 4022 poenas
404 3949 525 4004 insanus
544 3954 689 4006 exerceo?
719 3943 749 4004 h.
764 3966 790 4004 c.
812 3947 837 4002 si
859 3943 982 4003 vindicta
1000 3963 1063 4001 mea
1080 3943 1116 4002 ad
1137 3942 1211 4001 nilril

139 4049 242 4109 recidit
268 4070 321 4125 eo,
352 4048 427 4124 quod
455 4051 486 4105 in
513 4050 663 4121 pecoribus
691 4049 808 4106 insnum
835 4066 941 4121 poenas
970 4065 1100 4105 exerceo.
1150 4042 1209 4104 Sed

139 4148 221 4211 Aiax
240 4150 332 4226 ipsam
353 4152 543 4225 praesentiam
561 4170 695 4224 pecorum
716 4159 851 4226 tauquam
868 4168 982 4208 causam
997 4148 1139 4222 proponit,
1160 4165 1210 4204 cur

142 4253 293 4316 consilium
313 4273 396 4315 suum
416 4253 588 4330 perfractum
609 4253 656 4314 sit.
