2678 4816
484 347 861 414 suardo-un.
1168 352 1211 418 13

140 544 196 623 τῆς
216 535 333 621 μητρὸς
355 533 544 616 ἀνανεμέεται
566 533 622 610 τὰς
641 535 793 618 μητέρας,
822 561 843 598 α
869 553 961 600 mactae
989 544 1107 618 stirpem
1128 565 1211 620 rope·

139 660 201 706 sere
218 645 289 704 solet
307 646 464 721 matrisque
485 663 653 700 ertumeroro
677 656 803 716 mutres3
833 642 915 701 adest
940 640 986 701 hic
1015 665 1127 719 quoqne
1147 649 1210 721 ipsa

139 747 283 808 conditio:
314 749 341 804 si
360 767 415 803 αεα
435 747 550 817 versia,
578 757 611 800 ut
636 746 700 821 quis
731 765 774 800 ex
794 743 887 802 altero
908 758 1040 822 quaerut.
1083 744 1135 805 Ad
1153 757 1211 807 ter·

139 852 212 909 tium
234 850 356 923 denique
377 866 486 923 genus,
508 847 556 903 ubi
578 845 752 921 significatur
771 844 898 921 Futuro,
928 845 1004 920 quod
1025 846 1089 906 fieri
1103 864 1211 927 potest,

139 950 215 1010 hunc
237 952 333 1008 locum
353 946 505 1022 Sophoclis
526 946 706 1006 relerendmn
726 956 813 1025 puto,
832 944 926 1005 innon
948 939 1091 1018 ὖπάξεται
1113 946 1212 1032 ἀμφί-

263 1050 278 1064 Ι·

141 1054 238 1133 λοφον
261 1046 346 1130 ζυγὸν
368 1049 397 1109 lt.
420 1070 446 1109 e.
469 1071 572 1128 eqtaum
593 1047 713 1108 ἆααιανο
738 1053 813 1124 scit,
842 1049 918 1123 quod
944 1049 999 1106 suit
1024 1054 1155 1126 propriez
1183 1056 1211 1114 si

138 1158 253 1216 occasio
265 1155 389 1235 fuerit,
417 1155 445 1211 si
464 1150 604 1225 volueris,
633 1151 699 1225 vel,
729 1154 757 1209 si
780 1150 919 1225 voluerit,
949 1148 1077 1210 domabit
1096 1176 1211 1234 equum.

139 1254 175 1317 lu
197 1278 253 1333 quo
281 1257 373 1317 fateor
402 1275 449 1314 me
470 1253 585 1328 quidem
603 1252 729 1312 nondum
749 1252 848 1314 videre
867 1253 1002 1311 absonum
1021 1255 1113 1330 illud,
1136 1256 1211 1332 quod

139 1359 218 1419 videt
232 1356 425 1417 Hermamrusa
467 1354 587 1414 Etiamsi
608 1357 684 1414 enim
705 1346 915 1428 aliquantulmn
935 1354 1070 1431 langueat
1084 1355 1140 1417 hoe
1157 1357 1211 1420 clo·

138 1459 229 1519 nabit
255 1481 376 1539 equiem,
410 1462 438 1518 si
457 1458 595 1531 voluerit,
625 1467 719 1515 tamen
748 1456 827 1530 origo
856 1464 964 1513 tantum
989 1456 1122 1536 languet,
1152 1482 1211 1520 non

139 1564 233 1636 ipsmn
250 1561 407 1636 Futurum,
425 1579 517 1634 neque
537 1559 568 1617 id
588 1557 755 1618 vertendum
776 1565 819 1616 est
839 1555 922 1614 illum
941 1558 971 1614 in
992 1558 1126 1636 modum,
1158 1561 1211 1622 sed

138 1672 248 1725 onom
268 1662 478 1739 explicandum.
530 1659 640 1735 Nempe
667 1659 779 1718 videtur
805 1657 875 1716 haec
900 1668 959 1717 tota
979 1659 1114 1734 loquendi
1135 1665 1209 1724 ratio

123 1784 158 1833 ει
176 1767 281 1826 talibas
308 1767 379 1824 locis
409 1764 601 1837 emanavisse,
629 1763 680 1820 ubi
706 1758 847 1819 Futruum
874 1759 948 1818 illud
977 1764 1209 1836 problematiorun

137 1869 285 1942 ex'stabat,
307 1868 381 1925 iusta
406 1887 439 1924 ao
457 1886 525 1924 vera
545 1863 703 1923 conditione
723 1865 869 1938 apposita,
891 1865 986 1938 qualis
1007 1876 1051 1925 est
1072 1862 1124 1926 ἐὰν
1146 1889 1209 1928 σω-

139 1969 270 2049 φρονῆτε
291 1970 321 2026 in
341 1969 475 2044 exemplo
496 1963 707 2040 Xenophontis.
756 1963 812 2023 His
838 1967 869 2023 in
897 1968 968 2024 locis
993 1989 1081 2042 quum
1110 1971 1209 2031 futuro

138 2083 266 2146 tempore
288 2071 336 2130 vel
351 2090 438 2144 posse
458 2069 508 2128 vel
526 2067 619 2127 solere
639 2067 687 2126 vel
707 2064 812 2126 debere
832 2067 1060 2146 significaretur,
1089 2092 1208 2132 consue·

138 2173 235 2232 urdine
255 2173 394 2246 perdatim
411 2172 517 2229 factum
537 2180 591 2245 est,
612 2178 645 2227 ut
657 2167 798 2228 Futurmn
813 2168 850 2226 ad
869 2179 927 2228 tres
948 2171 1019 2229 istos
1040 2172 1140 2232 modos
1161 2176 1207 2232 in-

137 2271 273 2334 dicendos
295 2271 490 2347 abhiberetur,
513 2272 623 2330 etiamsi
645 2270 781 2347 conditio,
803 2292 876 2347 quae
897 2273 1009 2347 proprie
1031 2274 1139 2351 subest,
1160 2276 1209 2334 vel

136 2377 285 2437 levissima
305 2384 334 2433 et
353 2374 571 2450 languidissima
591 2381 685 2448 esset,
710 2374 759 2432 vel
779 2374 861 2450 talis,
894 2384 926 2432 ut
946 2394 982 2433 ne
1003 2376 1123 2434 inveniri
1144 2379 1208 2452 qui·

138 2478 205 2539 dem
224 2478 301 2537 belle
321 2485 428 2551 posset.
479 2473 532 2533 Est
560 2495 629 2533 vero
654 2474 739 2548 plane
760 2474 859 2534 eadem
879 2478 950 2535 ratio
971 2478 1105 2554 illorum,
1133 2500 1208 2554 quae

136 2590 203 2656 post
222 2591 398 2654 sequuntur,
416 2571 503 2636 Ἅιδα
523 2568 618 2652 μόνον
640 2574 744 2655 φεῦξιν
766 2571 820 2635 οὐκ
841 2571 997 2653 ἐπάξεται,
1024 2582 1112 2638 anius
1132 2601 1208 2640 mor-

136 2686 175 2741 tis
192 2680 338 2763 ffuginm
361 2682 490 2737 inveni-re
510 2700 573 2773 αοαι
584 2692 680 2752 potest
685 2702 697 2753 ,·
727 2676 782 2737 hoc
803 2701 915 2755 quoque
936 2682 1096 2740 istiusmodi
1116 2681 1208 2742 Futu-

136 2804 202 2843 rum
219 2783 454 2858 problematieum
476 2790 538 2855 ost,
560 2780 612 2839 sed
632 2780 708 2855 quod
728 2779 851 2839 offendat
870 2784 984 2859 miros,
1010 2785 1075 2857 quia
1093 2796 1208 2845 senten·

136 2888 175 2945 tia
196 2884 392 2944 conditionalis
410 2885 524 2941 mansa·
547 2882 620 2941 volet
641 2882 798 2942 evidentior
822 2893 875 2943 est.
930 2882 1030 2961 Neque
1057 2886 1115 2944 alia
1136 2889 1207 2946 ratio
1307 2875 1312 2889 ⁰

137 2997 181 3047 est
209 2987 363 3045 multorom
396 2983 609 3044 Praesentiums
650 2996 716 3044 sunt
742 3004 799 3043 non
827 3005 905 3045 mera
934 2981 1116 3064 Praesentia,
1153 2988 1206 3048 sed

135 3089 339 3165 problematice
359 3097 476 3146 tautum.
520 3084 591 3145 Tale
612 3095 673 3161 est,
694 3086 771 3160 quod
789 3097 854 3145 ante
875 3088 999 3163 legitur,
1032 3089 1129 3168 φῦλον
1151 3085 1207 3167 ὀρ-

135 3189 234 3251 νίθων
256 3183 440 3268 ἀμφιβαλών
466 3180 547 3267 ἄγει,
576 3187 607 3247 h.
629 3209 656 3248 e.
678 3191 812 3264 proprie,
840 3185 912 3248 hoec
937 3204 979 3248 est
998 3187 1107 3248 Ιιααιὶαἱ
1121 3206 1206 3265 pose·

134 3306 213 3365 aas,
235 3303 287 3366 ut,
308 3288 359 3348 ubi
374 3288 512 3366 libuerit,
540 3313 607 3350 oves
628 3291 797 3366 compellat,
826 3289 878 3349 sed
897 3310 950 3349 usu
971 3289 1041 3350 haec
1060 3294 1119 3350 iam
1139 3303 1206 3353 sunt

135 3395 175 3455 ita
196 3401 376 3467 comparata,
406 3402 439 3450 ut
465 3413 548 3451 nemo
576 3395 605 3450 in
625 3395 661 3451 iis
681 3389 828 3452 Praesenti
847 3392 912 3466 plus
932 3395 1050 3452 noverit·
1100 3392 1209 3454 Nostro

135 3496 199 3555 looo
217 3493 289 3553 haee
309 3514 365 3551 rma
387 3492 522 3552 dubitatio
543 3494 729 3569 relinquitur,
758 3493 835 3569 quod
862 3496 946 3553 etiam
966 3493 1105 3555 Futurum
1133 3496 1206 3555 illud

136 3595 257 3670 dome
278 3598 333 3655 scit
353 3594 422 3654 ieris
439 3595 673 3654 accommodatius
693 3597 814 3672 fuisset,
844 3617 928 3672 quam
946 3590 993 3655 his
1018 3598 1205 3658 familiaribus

194 3699 211 3767 ,’
234 3698 243 3713 ’
264 3696 451 3772 annualium,
481 3718 554 3772 equo
583 3707 612 3755 et
640 3698 722 3772 bovi,
751 3708 847 3756 contra
874 3695 1031 3774 Praesens,
1063 3709 1096 3757 ut
1121 3720 1205 3758 usum

137 3786 331 3875 quotidianum
350 3800 440 3874 magis
462 3790 640 3873 exprimens,
669 3800 837 3857 animalibus
865 3799 1029 3859 domesticis
1048 3821 1205 3860 accommo-

137 3900 246 3975 datius,
269 3914 361 3974 'mam
381 3901 459 3974 illis,
485 3898 521 3958 de
543 3901 644 3975 quibus
666 3911 711 3960 est
730 3910 913 3977 usurpatum,
944 3903 1024 3962 feris.
1077 3901 1134 3962 Hie
1153 3904 1205 3962 vix

90 4062 92 4075 ,
138 4004 243 4063 mimen
263 4021 333 4077 erga
355 3999 525 4076 Sophoclem
544 4004 697 4061 maiestatis
717 4004 876 4062 subiturum
902 4024 949 4062 me
976 4023 1040 4063 esse
1064 4015 1149 4080 puto,
1178 4004 1205 4063 si

90 4170 92 4197 Ι
139 4104 301 4178 staturosis,
323 4123 390 4163 eum
408 4102 464 4163 hoc
484 4104 576 4162 rarius
597 4094 741 4174 ὑπάξεται
762 4106 856 4165 mirms
878 4105 998 4165 forsitan
1013 4104 1204 4163 adhibiturum

90 4202 94 4227 ¹
139 4204 246 4286 tone,
267 4206 313 4284 si,
342 4207 372 4266 in
392 4227 449 4282 quo
468 4225 553 4267 nemo
573 4202 723 4284 haereret,
751 4197 896 4286 ὑπάγεται
916 4204 1051 4269 adhibere
1072 4228 1124 4286 per
1144 4226 1204 4269 me·
