2678 4816
469 363 846 429 ANTIGONA.
1174 371 1198 437 5

208 552 366 630 Reliquum
388 563 442 630 est,
464 563 497 612 ut
517 554 552 613 de
576 553 719 613 Platonico
739 555 791 614 illo
813 557 886 631 πῶς,
908 554 940 616 τί
957 562 1124 619 sententiam
1144 582 1195 621 uo·

122 665 211 716 stram
233 676 427 731 exponamus,
460 656 537 730 quod
559 656 634 715 idem
655 653 803 716 Seidlerus
825 658 859 716 ad
879 680 1026 755 nrpnernm
1049 662 1195 737 duplicum

121 760 388 835 interrogationum,
410 759 512 832 ‹pribus
531 760 575 816 uis
597 758 735 831 quaedam
757 761 859 830 subsit,
883 760 1043 837 adscripsit,
1065 766 1121 822 nisi
1138 767 1196 822 iam

103 860 234 934 'tempus
257 871 332 918 esset
356 861 452 918 locum
472 869 600 917 nostrum
627 857 792 935 Antigonae
822 863 996 922 absolvendi.
1051 863 1112 943 Qui
1138 887 1195 940 quo

120 963 225 1019 referri
255 961 356 1021 debeat
382 960 591 1019 considerantes
619 961 752 1020 videmus
780 983 871 1037 neque
899 963 1018 1022 duarum
1039 968 1196 1043 interroga·

122 1064 232 1121 tionum
252 1065 471 1138 permixtionem
492 1064 532 1121 ibi
551 1066 668 1139 cogitari
687 1084 790 1138 posse,
815 1085 907 1139 neque
928 1065 1060 1125 idoneam
1081 1089 1195 1127 causam

121 1183 195 1238 esse,
218 1184 270 1223 cnr
284 1161 430 1240 Antigona
450 1185 505 1223 una
526 1185 596 1224 vace
615 1167 815 1241 interrogativa
837 1157 853 1225 ii
874 1188 901 1224 τι
922 1188 979 1225 non
1001 1179 1130 1227 contenta
1151 1171 1195 1228 al·

122 1274 214 1324 teram
235 1265 374 1324 addiderit
396 1258 510 1327 ὁποῖον.
563 1265 663 1326 Restat
684 1270 771 1344 igitur
789 1266 928 1326 rhetorica
949 1272 1039 1346 ratio,
1069 1292 1142 1345 quae
1163 1281 1195 1331 nt

121 1368 182 1442 ipsa
200 1365 257 1425 huc
277 1367 406 1443 quadret,
428 1370 667 1426 sic'statneudum
689 1358 750 1442 est,
767 1365 939 1444 Sophoclem
960 1381 1007 1429 aut
1028 1375 1113 1431 animi
1132 1394 1195 1432 mo·

122 1478 181 1527 tum
203 1479 289 1544 atque
318 1468 448 1528 allectmn
462 1467 633 1545 =Antigonae
654 1491 758 1546 genere
780 1472 834 1528 isto
859 1475 997 1531 sermonis
1017 1475 1123 1532 imitari
1143 1496 1194 1533 vo-

122 1571 230 1646 luisse,
259 1582 309 1629 aut
332 1571 441 1630 dixisse
459 1562 507 1646 id,
535 1572 688 1647 quodiam
709 1570 857 1632 Seidlerus
878 1573 1083 1648 ‹prodammodo
1104 1577 1193 1651 signi-

121 1671 234 1747 ficavit,
256 1672 385 1748 aunum,
406 1673 516 1734 nullius
533 1677 651 1748 generis
670 1674 759 1733 fuisse
779 1675 904 1748 malum,
935 1675 1011 1748 qnod
1031 1697 1087 1734 nou
1106 1675 1193 1735 Anti-

122 1792 213 1851 gonae
234 1783 263 1832 et
282 1771 412 1834 lsmenae
432 1775 601 1860 acciderit..
625 1774 709 1854 Quae
731 1776 892 1850 explicandi
918 1778 965 1835 via
994 1779 1019 1836 si
1041 1780 1086 1837 cui
1107 1781 1193 1838 satis·

121 1862 223 1962 iaciat,
245 1875 377 1950 equidem
396 1897 454 1935 non
474 1878 639 1953 refragabor
660 1879 815 1951 scripturae
838 1869 854 1936 ὅ
876 1899 922 1954 τι,
944 1900 1028 1952 quam
1047 1881 1191 1954 vulgatam

120 1986 237 2052 vocant3
267 1998 436 2052 ‹pramquam
465 2000 527 2038 eam
548 1981 728 2038 librariorum
749 1982 844 2053 potius
865 1980 1008 2055 vulgatam
1028 1983 1194 2056 scripturam

122 2079 259 2152 dixerim,
281 2100 369 2153 qrunn
389 2083 419 2138 in
438 2082 580 2141 codicibus
602 2075 647 2142 ὅτι
670 2091 698 2140 et
721 2073 739 2141 ὅ
760 2102 788 2139 τι
810 2083 860 2139 vix
881 2082 941 2139 ullo
961 2083 1122 2141 discrimine
1138 2085 1193 2141 im·

120 2201 218 2257 pressa
240 2181 359 2255 fuerint,
391 2204 483 2256 neque
506 2183 662 2242 evidentius
684 2184 722 2241 sit
743 2181 912 2256 quidquam,
945 2204 1031 2257 quam
1059 2185 1191 2243 librarios

122 2292 304 2360 quaerentes,
338 2282 416 2343 ΟΤΙ
434 2287 534 2344 'utrum
562 2284 719 2359 particula,
740 2303 775 2340 an
794 2284 944 2342 relativum
973 2287 1027 2359 sit,
1049 2284 1085 2342 ad
1105 2305 1194 2342 riuum

121 2406 217 2444 omnes
239 2386 269 2443 id
290 2388 384 2459 potius
404 2388 575 2462 arripuisse,
598 2385 674 2460 quod
692 2384 902 2461 intelligerent,
923 2385 1080 2458 relativum,
1104 2406 1191 2459 qrram

120 2487 246 2562 idquod
267 2489 380 2564 minus,
410 2489 586 2562 particulam.
635 2485 717 2546 llanc
745 2487 805 2544 illis
834 2508 934 2546 novam
967 2489 1191 2561 insolentemque

120 2593 210 2649 risam
233 2609 297 2648 esse
318 2589 441 2649 ostendit
460 2591 541 2649 locus
563 2588 639 2648 Oed.
662 2587 734 2665 Tyr.
756 2594 855 2663 1388,
874 2591 924 2647 nbi
945 2591 1029 2648 etiam
1050 2587 1192 2648 Herman-

119 2712 173 2752 nus
193 2693 236 2750 sic
254 2693 357 2766 sentit,
389 2693 554 2766 scripturam
581 2692 688 2764 aliquot
718 2689 846 2748 codicum
866 2702 894 2750 et
914 2692 1068 2750 editionum
1090 2685 1132 2749 i‘rr
1152 2690 1194 2748 nil

121 2813 183 2854 esse
210 2794 267 2852 nisi
296 2796 544 2868 grammaticorum
574 2794 781 2868 coniecturam,
812 2795 862 2868 qui
891 2785 937 2852 ὅτι
968 2794 1104 2867 explicari
1135 2813 1192 2850 non

119 2915 204 2971 posse
224 2904 365 2970 putarent.
418 2893 478 2954 Sed
499 2895 572 2953 illud
591 2895 690 2970 negari
712 2896 825 2970 nequit,
853 2897 938 2954 etiam
959 2893 1127 2953 rhetoricam
1147 2914 1193 2952 ar·

119 3006 178 3057 tem
206 3017 223 3056 a
251 2998 346 3056 verbis
366 2993 530 3073 Antigonae
559 2997 680 3054 alienam
704 3015 842 3069 perquam
869 3017 932 3055 esse
953 3009 1039 3070 atque
1061 2987 1078 3054 ὅ
1099 3017 1127 3055 τι
1150 3029 1190 3041 -

121 3090 236 3173 inatus,
257 3097 510 3172 quomodocunque
531 3098 699 3172 explicetur,
720 3117 835 3155 manere
855 3118 955 3156 vanam
976 3118 1009 3156 ac
1029 3096 1192 3172 languidam

119 3198 332 3275 gradationem,
362 3219 435 3274 quae
463 3220 555 3274 neque
584 3200 670 3257 animi
691 3200 871 3257 commotioni
892 3197 1094 3274 exprimendae
1115 3205 1192 3255 recto

120 3302 274 3376 inserviat,
304 3320 398 3374 neque
418 3301 474 3372 alia
495 3301 553 3359 nlla
574 3301 676 3359 idonea
695 3321 780 3359 causa
805 3302 919 3362 nitatur.
971 3298 1070 3378 errrm
1098 3306 1192 3356 autem

122 3403 232 3462 codices
259 3399 314 3460 hoc
344 3413 440 3461 nostro
468 3403 532 3461 loco
561 3423 662 3477 parum
681 3403 816 3460 momenti
836 3399 976 3473 habeant,
1006 3409 1035 3459 et
1054 3419 1142 3474 qutun
1162 3399 1193 3455 in

121 3502 196 3564 Oed.
217 3502 292 3580 Tyr.
313 3511 443 3565 r.1388
465 3504 628 3578 exemplum
647 3505 821 3577 inveniatur,
852 3503 929 3577 quod
950 3512 1047 3560 nostro
1070 3500 1191 3558 similius

121 3616 181 3683 est,
214 3625 300 3681 quam
329 3615 441 3663 utnon
466 3607 614 3679 utriusque
636 3606 733 3665 eadem
755 3606 827 3662 ratio
849 3606 886 3662 sit
906 3613 989 3677 atque
1011 3602 1192 3676 constructio,

123 3692 181 3786 cipri
202 3727 266 3783 μου
287 3701 447 3783 μέμνησθ’
471 3698 516 3766 ὅτι
540 3698 583 3764 οἷ’
607 3701 679 3788 ἔργα
699 3697 815 3786 δράσας
835 3696 923 3781 ὑμὶν,
943 3696 1007 3763 εἶτα
1030 3698 1115 3785 δεῦρ’
1137 3695 1191 3760 iaia

124 3798 215 3868 ὁποῖ’
246 3801 398 3888 ἔπρασσον
436 3794 529 3878 αὖθις
559 3810 623 3883 quis
655 3806 793 3866 dubitabit
822 3805 869 3865 bic
898 3826 1011 3882 qooqrm
1041 3827 1094 3881 pro
1124 3825 1192 3864 vero

124 3928 274 3986 agnoscere
295 3909 325 3967 id
347 3910 423 3984 quod
438 3907 622 3969 Hermannns
640 3910 729 3985 dedit,
752 3901 809 3969 ὅτι.
852 3906 934 3967 Nunc
953 3908 1093 3982 quomodo
1113 3907 1192 3965 locus

124 4012 159 4070 sit
184 4011 389 4087 explicandus,
421 4020 450 4070 et
477 4033 530 4086 per
555 4034 588 4073 se
612 4033 668 4070 non
695 4020 740 4069 est
761 4007 878 4068 difficile
900 4020 928 4069 et
948 4010 1025 4068 idem
1046 4006 1088 4067 V.
1112 4004 1190 4066 Clar.

123 4113 244 4185 mandit
264 4112 302 4172 ad
321 4111 464 4189 Vigerum
485 4135 514 4188 p.
530 4120 602 4174 300.
652 4111 736 4171 Duae
755 4122 819 4170 sunt
841 4113 915 4170 enim
936 4131 987 4186 per
1006 4089 1192 4169 abacoluthon

125 4217 342 4278 moriones
369 4217 548 4293 coniunctae,
570 4235 644 4292 una,
666 4200 721 4294 ἆρ’
750 4205 851 4289 οἷσθ’,
885 4206 930 4273 ὅτι
950 4206 1030 4283 Zaic
1050 4209 1111 4270 τῶν
1132 4202 1190 4268 ἀπ’
