2678 4816
126 367 170 433 12
515 364 803 430 CAPUTI.

127 554 214 636 Quod
235 558 261 617 si
280 578 394 630 venna,
416 556 613 633 corrigendum
634 568 678 616 est
699 559 798 632 ntiqrre
819 548 979 629 ὗονὲξετοι,
1002 565 1062 614 tum
1082 564 1202 630 propter

126 668 267 733 metrum,
289 668 349 716 tum
370 669 484 733 propter
506 660 695 717 accusativum
716 653 822 737 ζυγὸν,
843 660 892 732 qni
914 658 1041 732 alioquin
1060 657 1202 731 explicari

127 761 207 819 nnllo
227 759 312 818 modo
331 769 435 833 potest.
486 759 597 819 Forsan
625 768 741 834 propter
769 759 980 818 antecedentem
1000 759 1143 835 syllabam
1164 752 1201 815 in

127 861 290 922 simillimae
310 860 418 920 fonnae
440 863 613 937 praepositio
638 863 760 921 evanuit.
811 859 953 921 Fntnrnm
981 871 1076 919 antem
1102 869 1202 917 utrum

126 982 226 1023 venun
247 982 353 1038 necne,
378 963 501 1022 multum
523 964 662 1038 disputari
683 973 786 1037 potest.
829 960 1011 1021 Hermannns
1032 963 1129 1020 locum
1149 980 1202 1018 an·

126 1065 245 1138 tiqnitns
266 1063 351 1123 foedo
371 1074 534 1139 cornrptnm
553 1065 678 1123 indicans
700 1066 741 1122 sic
762 1064 959 1141 retingendum
986 1074 1080 1139 putate
1110 1063 1203 1123 λασι-

127 1157 238 1242 αύχενά
264 1159 304 1224 θ’
325 1160 430 1224 ἵππιον
452 1159 542 1236 ἑξέτε’
567 1161 646 1246 ἀμφὶ
669 1159 765 1245 λόφον
787 1163 877 1245 ζνγοΐ.
925 1165 1010 1246 Quane
1030 1167 1099 1225 licet
1118 1166 1202 1241 inge·

125 1267 287 1326 niosissima
308 1268 346 1325 sit
366 1270 544 1343 coniectura,
565 1277 660 1328 tamen
681 1267 859 1327 artificiosior
880 1266 949 1325 mihi
970 1267 1091 1339 videtur,
1113 1286 1203 1341 pram

125 1370 229 1427 aerior.
272 1366 367 1428 Nimia
387 1391 444 1428 nan
465 1371 558 1444 placet
578 1369 780 1428 adiectivornm
801 1371 992 1444 coacervatio,
1022 1388 1075 1428 nec
1096 1388 1205 1427 novom

126 1469 295 1529 vocabulum
317 1465 514 1551 ἀμφιζογοῦν,
536 1474 667 1546 inprimis
688 1492 739 1546 per
760 1474 863 1531 tmesin
882 1473 1063 1546 disirnrctnm,
1081 1491 1135 1529 nec
1150 1470 1205 1530 de·

127 1571 213 1644 nicprc
242 1573 391 1631 concinunt
418 1565 585 1651 λοσιαύχφν
613 1566 721 1653 λόφος,
751 1594 824 1647 qnae
853 1585 919 1633 snm
939 1577 1064 1632 cermces
1083 1573 1206 1632 villosa·
1240 1581 1244 1586 '

126 1692 193 1729 narn
213 1676 364 1732 cervicum.
408 1673 659 1750 Acqniescendum
681 1685 725 1734 cst
745 1676 909 1751 invulgata
930 1667 1092 1747 ὕπάξεταν,
1114 1673 1204 1735 modo

127 1791 164 1830 ne
185 1773 215 1831 id
233 1776 270 1831 iis
289 1775 361 1834 locis
382 1776 598 1853 adnumeretur,
617 1779 666 1834 nbi
687 1778 783 1835 sutum
805 1788 950 1852 tempore,
978 1775 1047 1850 quid
1068 1775 1131 1834 fieri
1151 1788 1225 1855 no··'·.¹

127 1873 204 1943 leat,
236 1875 385 1936 indicatur.
439 1877 558 1939 Constat
589 1880 715 1937 stannum
745 1890 856 1953 tempus
889 1877 1051 1954 significans
1081 1872 1204 1952 aliquid,¹

128 1975 206 2049 quod
227 1979 340 2036 omnino
360 1979 488 2039 intrrrum
508 2001 571 2040 esse
593 1983 767 2057 cogitamus,
793 1979 954 2056 significare
983 1981 1041 2052 ita,
1072 1988 1105 2036 ut
1134 1998 1205 2053 per·

128 2077 234 2137 fecarm
258 2079 290 2138 id
318 2083 353 2139 iri
380 2096 432 2140 ονι
461 2093 568 2142 certum
589 2086 647 2159 sit,
679 2098 732 2143 uret
750 2086 888 2142 incertum
910 2092 938 2140 et
959 2081 1118 2139 verisimile
1138 2090 1205 2139 tan-

128 2188 199 2238 trnn.
250 2179 335 2241 Prius
355 2205 445 2260 genus
466 2186 564 2243 tritum
592 2195 636 2245 est
655 2206 688 2245 ac
705 2186 852 2261 uolgatum
872 2203 966 2258 nequae
986 2191 1053 2257 estet
1073 2181 1205 2257 disputa·

36 2350 41 2359 1
129 2282 217 2342 tione.
274 2282 380 2351 Rarius
402 2297 431 2345 et
452 2290 622 2362 exquisitius
643 2290 763 2347 alterum
785 2288 865 2361 (prasi
886 2286 1118 2359 problematicnm
1140 2294 1203 2361 σοί,

129 2385 209 2443 cuins
230 2387 344 2461 quidem
366 2386 435 2447 haec
456 2410 520 2448 esso
541 2393 621 2466 origo
642 2389 765 2464 ridetur,
788 2397 820 2446 ut
841 2387 962 2446 conditio
985 2387 1079 2460 aliqua
1098 2386 1202 2447 subsit.

131 2484 308 2549 conditionis
335 2499 431 2547 antem
451 2489 563 2550 diversa
584 2493 657 2550 ratio
679 2500 739 2561 est,
772 2499 821 2546 ant
849 2509 899 2564 ca,
930 2497 963 2545 ut
983 2487 1111 2546 futurum
1133 2486 1205 2563 qnid

129 2607 196 2648 esse
222 2609 412 2667 auguramur,
445 2592 511 2665 quia
539 2593 592 2650 snb
619 2591 780 2652 conditione
809 2591 904 2666 aliqua
923 2590 987 2650 fieri
1007 2591 1080 2649 iliud
1095 2594 1204 2667 possit,

130 2699 179 2746 aut
202 2691 269 2764 qnia
290 2692 342 2750 snb
364 2691 524 2752 conditione
545 2695 640 2769 aliqum
660 2693 724 2752 fieri
744 2693 854 2769 soleat,
875 2703 923 2752 ant
941 2694 1007 2768 qnia
1029 2693 1082 2751 snb
1104 2692 1205 2752 condi·

130 2792 207 2851 tione
228 2793 323 2868 aliqua
342 2793 405 2854 fieri
427 2793 541 2855 debent.
584 2792 627 2853 lta
647 2791 789 2853 Futurum
805 2794 944 2871 significat
959 2797 1043 2852 etiam
1061 2793 1102 2869 id,
1123 2794 1204 2869 quod

125 2906 221 2968 potest
241 2893 323 2970 fieri,
356 2895 432 2972 quod
452 2896 524 2956 solet
543 2895 624 2971 fieri,
651 2904 681 2955 et
703 2896 778 2970 qnod
799 2893 882 2954 debet
901 2895 976 2955 fieri.
1026 2893 1135 2955 Ultima
1155 2916 1205 2957 ra·

130 2995 194 3072 tio,
223 3005 255 3054 ut
276 2999 409 3072 exemplo
430 3009 514 3072 ntor,
546 3017 645 3057 corana
666 2997 795 3056 locorrnn
814 3008 875 3071 est,
897 2998 946 3055 nbi
965 2997 1107 3057 Futurum
1126 2999 1203 3059 vici-

130 3094 185 3155 bus
212 3093 389 3158 Conirmctiri
420 3101 569 3177 iungitur,
598 3110 630 3158 nt
660 3096 693 3159 τί
717 3091 884 3178 δράσομεν,
915 3097 989 3179 qnid
1008 3101 1123 3181 fucere
1148 3122 1205 3161 nos

120 3197 257 3276 'oporam
279 3200 356 3274 quod
375 3203 490 3276 proprio
511 3212 571 3261 cst:
599 3199 674 3282 qnid
682 3203 852 3284 faciemus,
887 3216 1025 3281 qaanntnm
1045 3204 1078 3260 in
1098 3216 1127 3260 re
1146 3214 1202 3275 est,

131 3301 196 3375 vel,
217 3304 245 3360 si
263 3316 291 3361 te
309 3306 401 3362 secati
418 3306 543 3376 arianas,
571 3324 601 3363 v.
621 3301 691 3361 Eur.
713 3300 777 3361 lon.
792 3309 867 3363 778.
912 3301 1022 3377 Porro,
1041 3304 1091 3360 arbi
1110 3300 1136 3360 F
1137 3312 1204 3362 ntu-

35 3405 39 3411 '
131 3421 196 3460 rnm
223 3401 426 3479 imperativum
454 3407 578 3482 excipit,
606 3415 639 3464 nt
657 3397 784 3484 *factiosae
807 3398 961 3483 Ἀτρείδην
980 3397 1202 3482 Ἅγαμίμνονα,

131 3497 217 3564 lliad.
236 3511 287 3581 10,
309 3513 361 3568 88.
383 3511 455 3567 scito
474 3506 723 3583 Agamemnonem
743 3527 877 3581 neeesse,
899 3506 1029 3580 proprie:
1050 3524 1204 3579 cognosces

131 3603 400 3686 Agamemnonem,
421 3612 448 3668 si
468 3613 633 3671 nemorosius
654 3631 699 3667 me
717 3609 897 3682 inspexeris.
940 3603 985 3666 cf.
1006 3603 1086 3664 Xen.
1108 3603 1203 3666 Mem.

132 3702 174 3784 II,
197 3714 227 3785 1,
251 3715 302 3770 17.
343 3708 454 3770 Addita
476 3720 520 3771 est
540 3714 602 3786 ipsa
622 3710 743 3770 conditio
763 3707 843 3769 Xen.
865 3706 942 3767 Hist.
965 3707 1017 3768 Gr.
1033 3705 1074 3783 II,
1098 3715 1129 3784 3,
1147 3712 1202 3781 st,

132 3800 218 3886 ὑμεῖς
237 3798 307 3889 οὖν,
339 3807 391 3872 ἐὰν
412 3814 606 3894 σωφρονῆτε,
636 3806 671 3871 οὗ
693 3803 820 3886 τούτου,
852 3805 916 3869 ἀλλ’
939 3801 1026 3887 ὑμῶν
1047 3806 1202 3888 φείσεσθε.

132 3908 269 3974 Alterum
285 3914 321 3972 ad
339 3935 447 3992 genus,
467 3917 515 3975 nbi
536 3914 676 3973 Futurum
698 3912 839 3988 significat
858 3911 906 3988 id,
936 3910 1014 3986 qnod
1034 3910 1099 3971 fieri
1119 3911 1202 3986 solet,

134 4017 276 4088 pertinent
296 4018 381 4094 talia,
407 4018 490 4093 qrrale
511 4026 556 4077 est
576 4012 760 4088 Herodotil,
786 4019 866 4090 173,
896 4009 1036 4072 καλέουσι
1058 4007 1117 4071 ἀπὸ
1139 4012 1203 4072 τῶν

134 4112 272 4194 μητέρων
290 4112 438 4192 ἑωυτοὺς,
465 4117 516 4177 καὶ
545 4112 610 4177 οὐκὶ
633 4111 692 4176 ἀπὸ
713 4115 775 4175 τῶν
796 4109 944 4192 πατέρων.
990 4111 1144 4196 εἰρομένου
1168 4108 1203 4172 dd

135 4212 237 4300 ἑτέρον
257 4214 312 4282 τὸν
331 4217 478 4300 πλησίον,
502 4215 549 4293 τίς
569 4212 633 4299 εἴη,
659 4212 815 4289 annotasse
835 4208 948 4277 ἑωυτὸν
968 4208 1124 4298 privanda
1150 4212 1203 4276 nni
