2678 4816
1168 94 1212 163 0.

409 361 914 441 suttocrstss„
1132 368 1199 436 sla

118 558 221 618 rimus.
266 552 342 618 Num
362 572 430 617 cusu
451 555 516 619 lieri
542 566 575 618 et
595 578 634 619 ex
653 568 737 635 parte
756 567 875 635 propter
890 575 1055 635 numerum,
1075 568 1109 620 nt
1135 555 1200 620 Ho-
1217 594 1236 625 o

121 679 235 735 merus,
258 680 348 733 qutun
368 652 489 740 οὔρεος,
513 652 605 739 ουρεΐ,
628 681 730 742 ονρεα,
753 653 855 742 οὔρεσι
876 669 995 737 usurpet
1016 662 1228 751 creberrime,
1233 726 1286 763 ι

122 783 269 837 nunquam
296 772 416 836 usurpet
444 764 651 822 nominativum
680 749 788 840 οὖρος,
821 775 914 838 neque
942 760 1034 822 hac
1025 785 1055 822 ιιι
1074 786 1107 825 ιο
1128 765 1198 825 diras
1284 754 1305 803 ⁸

124 863 255 941 syllabas
277 865 366 922 ullius
387 863 521 938 ponderis
541 864 632 947 fuisse
652 861 719 923 hinc
739 866 895 923 verisimile
914 874 968 939 est,
991 866 1066 940 quod
1080 876 1108 926 et
1121 867 1199 926 idam

120 956 269 1026 Homerus
289 976 318 1025 et
339 962 505 1024 Herodotus
527 941 696 1041 saepissime
716 976 824 1040 ponunt
844 965 1019 1044 disyllabum
1042 954 1133 1043 οὖρος
1151 971 1199 1028 uel

124 1055 235 1148 οὖρον,
266 1059 366 1148 οὔρῳ,
397 1054 501 1148 οὖροι,
532 1054 627 1146 οὖρα,
659 1059 777 1147 οὔρων,
808 1061 937 1148 οὔρους,
966 1070 1015 1128 ubi
1037 1067 1200 1150 hocfluom

82 1186 99 1261 ,ιὶ
125 1169 276 1246 significat.
321 1166 429 1227 Sanum
450 1172 542 1229 estin
563 1170 628 1228 loco
648 1164 803 1244 Euripiden
824 1171 972 1246 uulgatum
994 1158 1102 1252 οἷ’ρος,
1125 1174 1201 1247 quod

85 1268 88 1275 ’
126 1274 214 1331 etiam
234 1281 357 1330 metrum
375 1273 481 1346 poscit:
514 1271 670 1346 respondet
692 1273 819 1337 enimin
841 1271 1013 1347 antistropha
1035 1270 1200 1358 ιοιιόργᾷ.

125 1373 215 1453 Quod
236 1384 331 1432 autem
355 1375 485 1449 tragicl
475 1395 504 1432 ιιι
533 1368 568 1434 τὸ
600 1392 708 1453 ουρος,
738 1368 855 1453 odorans
883 1384 912 1434 et
940 1376 1101 1452 similibus,
1133 1376 1200 1451 quin
1265 1434 1272 1445 ,

123 1478 211 1535 etism
249 1477 280 1534 in
314 1478 441 1552 cognatis
472 1469 628 1554 ἄποορος,
663 1469 827 1556 τηλουρὸς,
866 1469 1011 1556 ξύνουρος
1039 1478 1094 1536 sibi
1123 1498 1201 1536 sum·

117 1587 243 1653 semmt,
264 1563 320 1635 non
342 1577 490 1653 intelligo,
521 1597 572 1636 cur
592 1596 650 1635 ιιοιι
670 1579 756 1636 etiam
777 1579 807 1636 itt
829 1570 1050 1658 πρόςουρος
1076 1580 1131 1639 sibi
1153 1600 1202 1638 su

126 1701 206 1740 mere
227 1680 380 1754 potuerint.
431 1672 556 1738 Omnino
583 1675 677 1738 hnc
667 1698 698 1736 m
724 1699 758 1738 re
786 1690 818 1738 ut
837 1681 919 1739 nobis
942 1688 1121 1757 constemus,
1153 1690 1220 1743 nsit„

128 1798 228 1840 ornnes
250 1781 284 1839 ud
306 1801 391 1839 unam
412 1780 521 1838 somnae
543 1782 651 1840 ionicae
676 1801 693 1840 e
714 1783 829 1857 tragicis
848 1781 1037 1857 expellendas
1057 1794 1133 1859 suist,
1155 1793 1204 1843 aut
1264 1842 1270 1853 ,

124 1885 155 1944 si
178 1903 251 1958 quae
270 1884 361 1941 rarior
381 1884 541 1958 iuvenitur,
566 1883 619 1941 sed
639 1903 711 1958 quae
731 1884 871 1943 librorum
892 1885 1056 1943 aitctoritate
1077 1885 1203 1943 stabilita

129 1997 195 2058 est‚⁴
216 1983 283 2044 hnic
304 2004 417 2059 quoque
438 1986 468 2041 in
490 1984 549 2042 illis
571 1985 766 2045 concedendus
787 1985 878 2045 locus.
922 1983 1011 2045 Recte
1029 2007 1097 2045 vero
1115 1984 1204 2046 Butt-
1245 2024 1250 2035 ·
1275 1990 1279 2003 ’

127 2106 249 2147 mannus
269 2085 441 2146 scholiastae
460 2088 621 2160 opinionem
642 2088 751 2160 respuit
774 2082 866 2157 αὐτὸς
886 2106 951 2146 csse
971 2087 1050 2146 solus
1060 2112 1072 2163 ,·
1105 2110 1204 2163 quam·

127 2211 214 2266 quam
241 2189 318 2248 idem
347 2192 442 2249 minus
471 2200 547 2248 recte
569 2209 633 2247 cum
654 2185 803 2248 Bumckio
832 2188 869 2246 ad
888 2208 987 2248 vocem
1009 2184 1100 2259 αὐτὸς
1121 2191 1205 2248 iutel-

126 2292 275 2368 ligeudum
296 2302 376 2366 putat
398 2283 491 2372 αὐτῷ.
535 2288 645 2350 Neutro
666 2289 713 2349 hic
735 2310 808 2366 opus
828 2298 881 2348 cst.
925 2289 1017 2349 Poeta
1039 2291 1124 2350 dicits
1155 2289 1207 2350 obt

127 2399 192 2471 ipse
213 2398 325 2454 vicinus
349 2405 432 2466 erat,
455 2414 497 2451 wo
520 2413 554 2451 er
577 2391 635 2452 deu
655 2391 798 2453 Nocltbor·
818 2390 904 2451 selbot
926 2389 1055 2467 obgebeu
1082 2407 1206 2453 monster

129 2519 187 2573 quio
209 2495 283 2554 nihil
304 2496 409 2554 clarius
429 2493 483 2553 dici
504 2505 609 2570 potest.
666 2493 692 2553 T
694 2513 775 2554 amen
806 2497 834 2555 si
864 2497 909 2553 cui
939 2495 1030 2571 magis
1048 2496 1208 2555 'satisfaciat

128 2599 213 2660 lrocs
231 2597 282 2658 ubi
300 2597 378 2657 idem
403 2601 514 2656 vicinus
538 2611 621 2679 erut,
649 2595 752 2655 habeat
772 2597 824 2656 ille
845 2597 899 2655 sibi
921 2587 1030 2672 ἆῦιὸς,
1058 2597 1136 2671 quod
1154 2600 1208 2656 im-

128 2682 252 2777 mutari
267 2700 441 2760 confidenter
470 2709 576 2774 potest.
635 2696 736 2758 Martet
756 2701 903 2759 sententia
934 2699 1050 2758 cadem:
1087 2697 1209 2758 habebat

129 2803 308 2865 Philoctetes
329 2804 453 2862 vicinum
475 2802 603 2880 nullum,
632 2804 720 2877 igitur
750 2805 845 2876 ipssnm
860 2801 948 2861 'hunc
973 2821 1074 2878 gerere
1096 2811 1210 2877 oporte·

131 2907 200 2981 bat,
216 2915 251 2967 ‚et
269 2904 345 2980 quod
367 2906 474 2962 vicinus
495 2905 619 2963 facturus
632 2906 761 2978 luisset,
793 2907 887 2979 ipsum
906 2904 1010 2964 facere.
1063 2901 1158 2985 Quam
1179 2906 1210 2962 in

131 3029 196 3068 rem
216 3006 404 3081 nihil-aptius
433 3009 589 3081 comparari
620 3017 730 3082 potest,
761 3024 846 3080 (priam
874 3003 951 3081 quod
978 3003 1143 3064 Erliudtius
1172 3025 1210 3068 ex

131 3108 259 3170 Luciani
280 3107 401 3168 Timone
423 3130 449 3168 c.
466 3113 506 3167 43
530 3109 645 3167 attulit:
679 3101 852 3184 εὐωχείσθω
872 3099 967 3184 μόνος
985 3101 1084 3188 ἑαυτῷ
1106 3105 1210 3187 γείτων

132 3210 186 3273 καὶ
205 3204 329 3289 ὅμορος.
381 3209 469 3289 Quod
497 3209 544 3270 hic
573 3207 677 3290 γείτων
699 3207 749 3268 καὶ
780 3198 909 3289 ὅμορος,
941 3207 1016 3284 apud
1037 3205 1235 3285 Sophoclem

133 3323 180 3373 est
203 3305 382 3393 πρόςοορος.
437 3311 541 3371 Τοιιιιιι
569 3324 662 3371 autem
684 3323 814 3371 nostrum
835 3313 865 3369 in
887 3312 1051 3370 universum
1068 3308 1149 3370 'idem
1168 3321 1212 3370 est
1261 3390 1272 3397 .

133 3426 221 3489 atque
250 3413 328 3473 solus
354 3428 438 3490 ενοι,
469 3413 535 3473 lrinc
563 3413 732 3474 scholiastae
761 3416 907 3473 inventum
940 3406 1032 3483 αὐτὸς
1052 3412 1213 3489 significare
1315 3444 1319 3453 ¹

136 3517 227 3578 solus.
270 3515 372 3591 Neque
393 3521 419 3575 si
441 3514 587 3576 Lucienus
608 3517 694 3575 dixit:
721 3509 821 3598 ἑαυτῷ
842 3511 964 3594 γείτων,
986 3516 1116 3588 sequitur
1136 3515 1213 3588 apud

135 3616 277 3680 Nostrum
297 3639 409 3694 quoque
432 3610 515 3700 αῧιῷ
537 3617 725 3694 supplendum
748 3638 831 3693 esse;
852 3614 904 3677 sed
921 3625 969 3677 cst
985 3614 1040 3675 hoc
1062 3616 1212 3691 eiusmodi,
1293 3680 1297 3689 ,

117 3731 169 3803 ¹ut
187 3721 336 3781 commode
358 3730 387 3781 et
408 3720 508 3781 abasse
528 3723 618 3797 possit
633 3731 662 3780 et
679 3720 789 3793 adesse.
833 3715 974 3778 Vicinum
987 3714 1102 3793 qtridem
1116 3719 1214 3793 istum,

137 3822 174 3883 de
195 3844 254 3899 quo
274 3843 370 3882 sermo
391 3833 455 3899 est,
483 3824 605 3882 neminis
626 3843 691 3882 esse
711 3825 768 3883 nisi
789 3815 966 3880 Philoctetae
987 3831 1087 3894 sponte
1108 3820 1216 3878 intelli·

138 3928 226 4005 gitur.
280 3925 369 4005 Quod
391 3926 513 4001 denique
532 3920 707 3984 Buttmauno
729 3924 873 3998 displicuit
896 3923 1015 3982 eundem
1036 3924 1215 3994 senteutiam,

94 4029 287 4115 „interiecta
308 4028 364 4087 elia
386 4029 507 4103 diversa,
531 4022 586 4087 οὐκ
607 4021 683 4104 ἔχων
698 4020 802 4104 βάσιν,
821 4028 918 4086 stetim
932 4042 1081 4087 recurrere
1102 4027 1132 4081 in
1152 4020 1216 4081 hist

143 4125 214 4191 odit
233 4125 295 4191 τιν’
319 4123 459 4210 ἐγχώριον
480 4127 692 4209 κακογείτονο,
723 4148 842 4205 vercor,
873 4136 906 4186 ut
933 4129 996 4186 iure
1026 4126 1216 4201 displicuerit.

143 4227 217 4293 bom
236 4234 361 4310 primum
379 4231 471 4311 haec,
493 4249 566 4309 quiae
586 4242 755 4309 ιοοιιιιιιιιιι,
776 4233 803 4291 si
824 4230 910 4290 modo
931 4239 1010 4289 recta
1030 4226 1219 4304 explicemur,

955 4327 979 4392 8
