2678 4816
465 365 889 437 PRAEFATIO..

258 589 453 675 „Sprachen
473 589 548 654 sind
566 590 619 656 die
640 589 786 668 Scheide,
808 586 906 655 daria
929 590 990 661 dus
1008 592 1128 656 Messes
1146 592 1202 657 des

266 710 385 776 Geistcs
406 709 562 784 otecktr“

139 893 172 946 et
192 902 251 944 non
270 877 466 961 recentiores,
494 899 598 943 verum
626 876 779 963 antiquas,
808 893 957 959 mortuos,
986 902 1060 965 quas
1080 893 1200 962 vocant,

139 998 258 1084 linguas
276 994 461 1061 intellexisse
487 994 597 1062 Virum
618 996 781 1083 sapientem
802 1011 907 1084 sponte
934 997 1098 1084 intelliget,
1131 997 1211 1084 qui·'

139 1141 256 1202 cunque
277 1114 432 1198 didicerit,
454 1137 543 1201 quam
564 1129 626 1180 toto
648 1116 731 1181 coelo
753 1114 889 1181 differant
908 1115 1029 1202 linguae
1050 1116 1201 1201 antiquio-

139 1259 188 1301 res
219 1249 249 1300 et
281 1232 477 1316 recentiores,
514 1256 603 1320 quarn
636 1234 708 1299 illae
744 1233 882 1322 copiosae
915 1234 974 1300 sint
1008 1249 1037 1300 et
1070 1236 1201 1301 affluen-

139 1366 204 1436 tes,
243 1352 301 1417 hae
331 1366 436 1418 tenues
470 1366 558 1437 atque
590 1368 730 1439 egentes,
770 1353 843 1419 sslae
874 1353 980 1419 molles
1016 1376 1051 1419 ac
1082 1352 1199 1437 faciles,

138 1469 197 1536 hae
219 1471 321 1535 tardae
342 1485 431 1556 atque
461 1469 629 1553 inhabiles,
657 1470 728 1536 illae
757 1470 933 1558 dispositae,
965 1472 1079 1537 solidae
1109 1485 1200 1556 atque

137 1612 253 1655 summa
281 1603 344 1654 arte
374 1590 547 1672 conclusae,
583 1589 640 1655 hae
666 1588 892 1677 incompositae,
923 1589 1084 1656 dissolutae
1109 1605 1201 1676 etque

137 1707 218 1774 omni
240 1722 301 1773 arte
322 1721 479 1790 vacantes,
514 1730 603 1792 quarn
629 1707 720 1794 igitur
739 1709 811 1774 illae
833 1709 957 1775 subtsses
973 1724 1067 1799 ¹atque
1088 1711 1199 1797 plenae

135 1825 267 1912 ingenii,
288 1826 345 1892 hee
366 1825 461 1891 exiles
483 1840 571 1911 atque
591 1824 708 1912 ingenii
724 1826 839 1915 inopes.
871 1820 1013 1893 v'lantum
1028 1828 1198 1914 germanica

135 1944 240 2030 lingue
265 1945 342 2009 iuter
370 1959 511 2030 utrasque
539 1944 610 2010 illas
634 1945 764 2011 medium
789 1946 878 2012 facile
899 1961 1027 2030 teneret,
1058 1945 1116 2013 nisi
1136 1946 1197 2012 iarn

135 2063 248 2128 dudum
280 2073 377 2150 [turpe
398 2077 444 2129 est
465 2063 544 2127 dictu
554 2064 577 2141 l]
610 2087 629 2128 a
657 2064 779 2151 pristina
806 2088 861 2130 sua
882 2063 1049 2152 incorrupta
1070 2064 1196 2151 integri·

134 2195 195 2247 tete
217 2192 257 2246 et'
275 2182 424 2267 elegantia
451 2184 600 2249 abstracta
621 2198 711 2272 atque
730 2182 847 2271 gallicis
871 2184 976 2272 pannis
996 2185 1196 2250 consarcinata

134 2314 165 2365 et
186 2300 349 2366 deformata
370 2315 459 2369 esset.

217 2489 280 2553 Sed
309 2503 420 2573 quanta
448 2501 494 2553 est
523 2501 553 2553 et
581 2511 671 2574 quam
699 2486 828 2555 iucunda
856 2490 960 2554 messis
987 2491 1140 2554 scientiae
1158 2513 1198 2556 ac

133 2607 357 2684 domiinomsm,
381 2630 468 2692 quam
490 2600 693 2672 adolescentes
712 2607 811 2673 studio
832 2622 965 2673 veterum
980 2609 1132 2674 literarum
1144 2611 1197 2674 fa-

133 2724 223 2790 ciunt.
276 2725 429 2811 Quidquid
456 2726 617 2809 sciremus,
648 2736 782 2791 maneum
805 2741 834 2791 et
853 2727 1021 2793 inchoatum
1042 2742 1138 2810 esset,
1166 2728 1197 2793 si

133 2849 315 2915 Graecorum
335 2867 370 2909 ac
390 2849 590 2909 Romanorum
610 2845 720 2931 scripta
739 2845 826 2911 nobis
846 2845 1043 2929 interiissent,
1073 2862 1102 2912 et
1127 2870 1195 2912 ma·

131 2963 214 3030 xime
235 2987 370 3048 quaeque
390 2964 584 3028 recentiorum
605 2963 758 3028 literarum
777 2965 964 3030 familiaritas
984 2964 1082 3030 inanis
1101 2978 1194 3049 esset,

131 3082 191 3148 uisi
212 3087 391 3148 Graecorum
412 3104 447 3146 ac
460 3082 665 3148 “Romanorum
693 3082 879 3148 familiaritas
906 3084 1070 3150 accederet.
1121 3084 1194 3167 Hic,

130 3201 180 3267 hic
201 3202 337 3283 omnibus
359 3199 580 3288 disciplinarum
600 3203 760 3286 generibus
781 3202 947 3267 mirandum
960 3202 992 3267 in
1009 3202 1129 3267 modurn
1143 3202 1195 3267 di-

130 3343 184 3386 ves
205 3319 345 3407 perennis
366 3322 434 3385 fons
456 3334 501 3385 est
515 3336 739 3408 praeceptorum
756 3335 786 3387 et
805 3323 1025 3408 exemplorum,
1047 3321 1087 3386 ad
1104 3345 1194 3406 quern

129 3439 235 3534 prohl·
248 3439 336 3525 pauci
356 3439 476 3524 quidem
496 3440 576 3504 omui
595 3455 727 3527 tempore
747 3441 881 3506 homines
902 3454 1114 3524 convenerunt,
1137 3443 1194 3506 sed

130 3581 169 3623 ex
188 3582 246 3642 quo
268 3581 368 3623 omues
389 3557 509 3624 haurire
529 3559 681 3640 deberent,
706 3559 874 3644 quicunque
893 3558 926 3624 in
946 3560 1046 3645 aliquo
1058 3559 1110 3625 vel
1125 3574 1194 3624 stu-

130 3676 180 3742 dio
200 3677 252 3741 vel
272 3690 336 3741 arte
356 3678 408 3742 vel
428 3677 550 3763 negotio
569 3692 735 3760 versantur,
757 3694 869 3744 utnon
890 3680 977 3744 modo
994 3678 1107 3764 ingenii
1118 3703 1193 3766 opes

129 3817 165 3860 ac
185 3796 345 3860 facultates
367 3810 527 3881 augerent,
555 3796 609 3860 sed
630 3796 720 3862 etiam
739 3799 945 3884 progressibus
964 3812 994 3861 et
1014 3797 1192 3883 postulatio-

128 3913 217 3979 mhus
238 3915 345 3978 aetatis
365 3929 484 3980 nostrae
505 3915 666 3981 honorilice
691 3915 907 3983 satisfacerent.
958 3915 1064 3996 Qurdis
1088 3915 1191 4004 philo·
1217 3984 1221 3989 ,

128 4033 240 4120 sophus
260 4033 325 4097 sine
345 4034 489 4116 Platone,
510 4032 691 4116 Aristotele,
720 4034 870 4118 Lucieno,
900 4033 1061 4117 Cicerone3
1092 4037 1191 4120 qualis

125 4150 285 4219 historicus
305 4166 337 4218 et
356 4151 546 4242 geographus
565 4150 632 4219 sine
657 4144 851 4242 Thucydide,
880 4130 1050 4239 Herodoto,
1078 4159 1187 4225 Xeno-
