2678 4816
12 820 34 869 ὓ

170 258 184 289 ι·
268 240 294 299 ll
384 284 390 295 .

125 384 172 461 ’22
282 384 355 441 ᾤ’
520 372 811 461 CAPUTI.

213 580 267 641 llla
291 580 417 659 [Venus]
440 592 533 656 potest
553 601 670 656 maguus
690 578 811 639 heroum
832 580 985 656 infringere
1005 582 1095 658 vires,

271 685 328 744 lllu
349 687 434 744 etiam
458 683 536 742 duris
556 682 696 742 mentibus
718 703 782 741 esse
805 683 903 759 dolor3
1102 760 1107 771 f

212 787 269 849 Illa
290 809 382 862 ireque
403 784 556 846 Arubium
577 787 679 844 metuit
701 785 899 846 mariacendere
920 785 1008 845 limen
1080 784 1105 791 ”

271 889 335 965 Noc,
352 892 432 949 timet
453 891 580 962 ostrina,
604 884 711 964 Tulle,
733 887 829 946 subire
847 901 921 947 roro.

129 992 183 1054 Est
203 992 274 1054 haec
295 995 440 1070 aptissima
461 993 526 1051 loco
546 1002 643 1050 nostro
664 992 812 1050 sententia.
856 989 972 1050 Diuites
991 990 1069 1050 euim
1088 997 1118 1048 et
1134 988 1209 1064 pol·

129 1098 233 1171 lentes,
266 1098 330 1172 qni,
360 1115 544 1170 praecunque
574 1104 639 1152 sum
661 1093 760 1166 obvia,
793 1095 976 1168 pecuniarum
993 1094 1024 1151 ri
1045 1101 1131 1167 atque
1150 1105 1208 1166 po·'

129 1202 217 1260 tentia
249 1200 428 1274 opprimunt,
459 1199 585 1255 omnium
613 1197 737 1254 maxime
765 1196 889 1253 notabile
919 1204 964 1254 est
992 1214 1088 1254 amore
1108 1205 1208 1253 tumen

128 1303 209 1376 ipsos
230 1301 315 1359 facile
333 1301 426 1376 frangi
448 1320 482 1358 ac
510 1298 650 1374 superari.
704 1294 847 1356 Amorem
875 1304 970 1357 autem
999 1299 1107 1357 canenti
1134 1294 1208 1372 quid

129 1413 225 1478 potest
245 1404 338 1478 aptius
360 1422 435 1477 esse,
457 1423 542 1476 quiam
564 1401 605 1476 id,
627 1402 657 1459 iu
679 1421 735 1475 quo
756 1401 800 1459 vis
821 1400 1029 1459 eius-maxime
1044 1400 1208 1473 ‘conspicrm

129 1509 194 1564 esti
223 1502 276 1563 Est
304 1505 356 1563 illa
384 1505 523 1563 sententia
552 1513 630 1562 tanto
658 1504 750 1577 magis
779 1512 843 1577 apta
866 1512 1035 1578 propterea,
1068 1501 1146 1578 quod
1167 1502 1208 1593 inq

15 1666 19 1673 ,
87 1626 96 1645 ·
130 1608 180 1682 qui
208 1627 306 1666 ausam
335 1606 452 1666 dederat
480 1603 565 1664 lartius
594 1605 806 1680 cantiunmlae,
836 1605 900 1680 ipsc
925 1604 1005 1664 dives
1034 1624 1068 1663 ac
1093 1603 1208 1679 pollens

130 1720 202 1768 erat.
243 1706 319 1771 Nam
331 1706 411 1767 'mihi
433 1729 546 1783 quoque
561 1709 813 1783 persuasissimum
828 1717 874 1766 est
890 1709 1004 1783 politam
1020 1707 1116 1766 verbis
1131 1698 1208 1784 κτή-

129 1830 215 1887 ματα
243 1820 272 1869 et
301 1802 438 1882 νεάνιδος
466 1809 646 1871 Haemonem
674 1820 704 1869 et
730 1807 905 1887 Autigonam
931 1811 1110 1885 respexisse,
1142 1808 1206 1886 sed,

130 1911 207 1987 quod
228 1911 447 1989 attendendum,
477 1914 535 1986 ita,
568 1922 599 1970 ut
622 1932 695 1987 quae
716 1912 753 1971 de
772 1913 833 1972 iilis
852 1913 998 1990 sigillatim
1018 1910 1207 1987 praedicanda

129 2023 228 2089 eraut,
250 2012 286 2071 ad
306 2015 471 2074 universum
491 2034 582 2091 genias
602 2014 778 2074 transferret.
829 2013 873 2073 lta
902 2034 959 2074 non
979 2014 1064 2075 rideo
1085 2015 1207 2073 orationi

127 2110 295 2192 languidum
317 2115 471 2191 quidquam
491 2116 609 2192 inferri,
644 2115 721 2192 quod
741 2116 824 2193 lieri,
859 2118 884 2177 si
906 2118 1105 2193 intelliguntur
1124 2117 1207 2179 sulus

85 2240 95 2263 ⁸
128 2216 261 2280 Haemon
282 2228 311 2278 et
332 2215 493 2296 Antigona,
526 2240 583 2277 uon
609 2219 750 2296 refragor.
800 2216 971 2278 Necseutio
993 2221 1132 2296 atmiis,
1155 2221 1207 2295 qui

128 2319 303 2397 Sophoclem
327 2332 444 2403 propter
469 2342 572 2381 nomen
600 2314 741 2399 κτήματα
770 2321 987 2397 vituperandum
1008 2340 1073 2382 esse
1093 2331 1205 2398 pratuut.

97 2494 102 2499 Ι
128 2421 215 2504 Qriod
233 2422 352 2484 haberet
372 2425 491 2482 forsitan
513 2423 770 2505 ofleusionempsi
799 2425 1007 2499 oppositionem
1034 2423 1207 2483 intendisset

129 2529 231 2600 podia:
255 2536 284 2585 at
304 2546 379 2584 nuuc
399 2547 455 2585 uon
475 2527 607 2602 opposuit
627 2524 731 2585 diuites
752 2536 781 2585 et
797 2547 891 2602 genus
910 2530 1075 2602 ruffinam,
1103 2546 1226 2586 verum»

130 2629 211 2687 irmta
232 2629 346 2702 posuit,
372 2629 447 2687 sicut
472 2638 562 2688 totum
590 2626 646 2687 hoc
675 2648 788 2688 carmen
810 2639 854 2688 est
874 2631 963 2688 series
983 2648 1100 2706 eorsum,
1131 2648 1206 2704 quae

129 2730 267 2805 impetum
288 2726 409 2788 Amoris
430 2750 565 2806 superare
585 2750 642 2788 uon
669 2750 755 2806 posse
784 2732 969 2791 memorabile
996 2739 1050 2792 est.
1105 2728 1206 2810 Quam

128 2831 303 2890 laudaverim
323 2834 419 2907 potius
439 2830 593 2910 Nostrum,
619 2831 695 2909 quod
723 2836 877 2894 sententias
904 2833 991 2893 liuius
1011 2835 1144 2892 carminis
1164 2834 1206 2892 ita

129 2935 290 3010 constituit,
318 2944 351 2992 ut
371 2934 407 2993 ad
428 2955 495 3010 eos,
526 2955 597 3011 (pios
624 2937 710 2995 totius
737 2935 851 2995 fabulae
873 2938 1015 3011 principes
1035 2934 1204 3009 introduxit,

129 3035 170 3094 ibi
191 3056 303 3112 quoque
324 3038 493 3113 cogitatione
513 3039 637 3112 primum
657 3037 793 3098 feramur.
835 3037 890 3098 Ad
909 3037 996 3098 finem
1012 3058 1115 3097 moneo
1131 3035 1206 3096 hauc

130 3148 256 3197 nostram
287 3138 523 3216 explicationem,
560 3139 723 3199 dubitanter
751 3140 884 3217 quidem,
921 3140 1038 3214 probari
1072 3161 1089 3198 a
1119 3138 1206 3198 docto

129 3238 345 3318 Francogallico
379 3239 426 3300 Le
454 3239 537 3301 Bean
571 3242 663 3318 [nug.
693 3239 812 3320 &dyttlp
848 3247 949 3315 1830,
990 3241 1089 3320 &child
1122 3241 1205 3321 spesi,

131 3340 258 3407 Siluium.
278 3349 344 3416 94].
389 3340 510 3402 Cortiicit
530 3344 605 3403 idem
624 3344 803 3403 scribendrnn
818 3363 883 3404 esse
901 3341 932 3403 ln
947 3336 1072 3422 λήμασι.
1114 3341 1207 3426 Quod

130 3446 333 3525 minimeesse
354 3447 545 3505 necessarium
566 3456 683 3521 apparet
701 3467 739 3505 ex
758 3448 812 3523 iis,
840 3467 913 3522 quiae
941 3447 1015 3506 dicta
1035 3456 1119 3513 sunt3
1154 3446 1207 3506 sed

130 3568 167 3606 ue
188 3548 404 3622 praeferendum
426 3547 540 3622 quidem
562 3557 606 3606 est
624 3549 781 3624 scripturae
797 3540 942 3628 κτήμασι,
963 3547 1098 3627 quiahoc
1112 3550 1206 3609 multo

132 3659 161 3707 et
180 3650 295 3725 gravius
317 3659 346 3710 et
365 3651 459 3727 aptius
480 3660 509 3710 et
530 3652 622 3728 magis
642 3652 775 3712 miirerse
796 3650 908 3712 dicitur.
