2678 4816
450 375 730 445 alate

554 677 577 746 i.
602 681 653 735 11·

165 771 208 834 V.
238 780 319 834 1036
332 794 395 849 sqq.
438 771 592 836 Menelaus
626 775 663 837 de
693 773 795 836 Aiacis
832 777 924 852 ipsius
963 778 1153 838 interficiendi

79 877 199 936 consilio
220 878 260 936 ita
280 876 422 951 loquitur:

260 976 305 1037 κεί
323 973 367 1058 μὴ
388 979 471 1039 θεῶν
491 1000 538 1052 τις
557 971 645 1059 τήνδε
667 983 772 1058 νεῖραν
793 972 922 1059 ξὀβεοεν,
1017 1025 1020 1031 -

258 1071 345 1158 ήμεῖς
365 1078 421 1157 μὲν
443 1075 482 1140 ἂν
503 1075 602 1160 τήνδ’,
625 1074 663 1160 ἣν
685 1074 734 1141 ὅδ’
758 1076 873 1160 εἷληχεν
894 1075 999 1163 τύχην,

258 1176 405 1254 θανόντες
426 1177 464 1242 άν
486 1178 685 1263 ποοῦκεάμε3’
710 1180 854 1265 αἰσχίστῳ
874 1179 962 1268 μόρῳ
983 1219 1020 1231 -

77 1281 129 1344 Sic
148 1284 237 1361 vulgo
257 1286 473 1361 interpungitur‚
494 1308 581 1361 quum
602 1288 697 1345 locum
716 1288 757 1345 ita
776 1289 930 1363 explicent,
953 1296 986 1345 ut
1006 1287 1042 1346 ad
1065 1279 1152 1366 ήμεῒς

77 1379 117 1444 ἂν
137 1378 226 1464 τήνδε
245 1399 341 1446 mente
362 1389 549 1447 substituatur
569 1381 724 1465 ἐλάχομεν,
747 1399 834 1463 atque
853 1388 900 1448 his
921 1409 1043 1464 setprens
1061 1411 1151 1450 enirn·

77 1489 172 1564 ciatio,
195 1481 343 1559 θανόντες
364 1483 402 1548 ἂν
423 1485 648 1570 aporiationis,
670 1493 731 1550 sine
752 1492 854 1565 copula
875 1490 1004 1549 adiuncta
1026 1494 1072 1550 sit.
1114 1490 1151 1551 ln

76 1610 133 1664 qua
155 1599 306 1667 structura,
325 1592 466 1652 ucnainem
480 1615 536 1651 non
553 1592 719 1667 admirarer,
740 1594 789 1668 ‹pri
805 1614 861 1651 non
875 1590 1015 1665 haereret,
1038 1595 1150 1652 etiarnsi

76 1688 251 1767 Sophoclem
273 1713 307 1752 ea
328 1714 413 1752 usum
433 1694 522 1754 fuisse
543 1695 722 1768 exploratum
743 1707 830 1754 esset.
873 1692 942 1773 Quo
972 1697 1064 1772 magis
1091 1697 1150 1754 mi-

45 1824 48 1829 ·
75 1814 144 1870 ror,
167 1796 192 1853 si
214 1797 278 1870 quis
298 1816 372 1854 naruc
391 1795 479 1854 iidem
499 1798 544 1857 illi
565 1796 711 1873 habuerit,
739 1797 788 1855 ubi
815 1799 929 1872 poiitam
951 1798 1066 1856 minime
1086 1817 1150 1856 ora·
1222 1786 1229 1800 ⁸

74 1899 184 1956 tionem
206 1899 247 1956 sic
267 1897 489 1958 conformavisse
509 1900 574 1959 luce
594 1900 697 1961 clarius
717 1908 771 1959 est.
815 1896 916 1976 Cogita
937 1898 1009 1957 duas
1030 1901 1151 1974 potissi·

74 2004 155 2057 muln
185 2000 267 2058 illius
294 2003 511 2060 eoustmctionis
530 2003 716 2076 asperitates,
749 2000 858 2074 semel,
889 2000 965 2075 quod
994 2000 1030 2058 ad
1059 1989 1149 2078 τήνάε

75 2094 172 2179 τύχην
201 2103 349 2177 suppletur
378 2095 541 2182 ἐλάχομεν,
582 2102 703 2178 deinde,
744 2103 819 2178 quod
855 2122 949 2163 sermo
977 2097 1150 2174 άσυνελέττος

75 2206 264 2263 continuatur.
307 2202 403 2283 Quam
425 2207 523 2265 crebro
544 2208 575 2264 in
597 2207 746 2265 sententiis
768 2204 940 2264 secundariis
959 2207 1077 2264 verbum
1093 2207 1149 2265 ali·

75 2305 152 2382 quod
172 2326 189 2365 e
209 2308 345 2381 primaria
366 2310 506 2366 sententia
525 2309 694 2383 cogitatione
715 2306 874 2366 addendum
896 2308 953 2383 sit,
975 2326 1073 2366 omnes
1092 2328 1149 2366 no·

74 2418 160 2466 ruat:
183 2417 212 2466 at
231 2410 306 2468 seire
327 2409 431 2484 velim,
454 2410 503 2482 nbi
525 2418 621 2468 cenna
641 2410 672 2466 iu
692 2411 827 2483 primaria
853 2410 972 2469 verbum
1002 2429 1018 2468 e
1048 2428 1150 2471 sceartt·

68 2510 156 2568 'daria
171 2511 347 2586 suppleatur.
391 2508 426 2569 Si
445 2511 533 2588 igitur
550 2508 709 2586 Sophocles
725 2511 861 2570 dixisset:
884 2503 970 2590 ἡμεῖς
985 2503 1023 2570 άν
1043 2503 1147 2589 τήνδ’,

73 2604 113 2690 ἣν
135 2605 197 2688 ὅδε,
218 2605 313 2691 τάχην
334 2605 498 2691 ἐλάχομεν,
519 2634 575 2673 non
596 2615 774 2690 refragarer3
805 2635 879 2689 nego
900 2623 997 2673 contra
1018 2633 1084 2672 eum
1103 2613 1148 2672 di·

74 2734 142 2774 cere
163 2717 307 2788 potuisse:
329 2705 415 2792 ἡμεῖς
438 2708 477 2773 άν
497 2709 600 2794 τήνδ’,
621 2709 659 2794 ἣν
680 2709 733 2776 iid'
756 2709 871 2794 εἷληχεν
891 2709 1004 2794 τύχην,
1024 2717 1063 2773 ita
1084 2717 1148 2791 qui·

73 2815 152 2892 dem,
172 2825 204 2874 ut
225 2809 370 2894 ἐλάχομεν
391 2818 426 2876 ad
447 2811 535 2896 τήνδε
557 2819 732 2894 suppleatur.
776 2816 869 2878 (larisa
889 2820 919 2877 in
942 2829 1055 2893 promtu
1085 2827 1146 2877 ests

72 2920 243 2996 primarium
264 2921 340 2978 enim
360 2922 451 2979 maius
473 2920 541 2995 qtrid
562 2940 627 2980 esso
647 2942 765 2981 necesse
786 2932 830 2980 est
851 2919 1037 2997 secundario,
1064 2920 1149 2979 item·

72 3041 134 3097 que
155 3021 231 3096 quod
252 3023 413 3098 suppletur,
433 3023 526 3083 leuius
547 3023 615 3099 quaid
634 3044 690 3097 eo,
712 3025 787 3098 quod
808 3033 922 3099 exstat3
943 3023 1072 3098 suppleri
1091 3023 1149 3100 igi-

71 3132 123 3182 tur
140 3125 173 3182 in
192 3125 327 3200 primaria
347 3126 497 3203 sententia,
520 3125 597 3201 qood
617 3127 648 3183 in
669 3126 833 3186 secumdaria
855 3134 967 3202 exstat,
995 3123 1148 3185 vehemen-

70 3228 186 3286 tissima
205 3247 300 3304 pugna
318 3237 405 3286 esset.
448 3227 561 3287 Deinde
590 3238 689 3287 notum
718 3237 761 3286 est
782 3224 908 3286 Graecos
936 3237 1001 3302 post
1028 3246 1148 3304 genera·

71 3326 135 3388 lem
161 3330 205 3388 rei
236 3329 357 3388 alicuius
377 3331 585 3406 expositionem
607 3350 651 3404 ea,
680 3331 782 3406 quibus
802 3331 856 3388 ista
877 3329 1032 3388 accuratius
1053 3328 1148 3402 expli·

73 3439 168 3507 cetur,
189 3431 251 3490 sine
272 3431 372 3505 copula
389 3432 569 3508 subiungere.
611 3429 771 3491 Fatendum
802 3440 962 3491 esttamen
982 3429 1147 3490 hurirrsmodi

29 3514 32 3523 Ι
74 3529 255 3605 άσννάέτοις
285 3554 341 3592 non
361 3534 482 3592 multum
502 3534 575 3593 lucri
595 3536 689 3593 facere
710 3535 846 3593 orationis
866 3533 1089 3606 volubilitatem,
1118 3542 1149 3593 et

72 3658 133 3712 quo
154 3636 262 3695 rariora
283 3636 356 3711 illa,
389 3657 423 3694 eo
444 3634 517 3694 hanc
537 3637 738 3696 volubiliorem
759 3657 834 3696 esse.
877 3633 977 3714 Quare
997 3634 1147 3710 separandi

72 3746 144 3798 sunt
170 3738 255 3812 poita
283 3747 366 3813 atque
387 3736 591 3815 philosophus3
622 3759 743 3814 proruam
771 3740 797 3797 si
825 3736 893 3797 hnic
920 3738 1040 3797 facilitas
1062 3747 1147 3813 atque

71 3840 217 3900 festivitas
237 3840 372 3900 orationis
392 3843 486 3899 minus
508 3841 587 3900 cordi
608 3860 671 3901 esse
692 3841 794 3918 debet,
824 3842 891 3915 quia
920 3839 1029 3899 docenti
1056 3838 1148 3898 maxi·

72 3962 156 4002 mann
183 3952 228 4001 est
254 3963 351 4002 rerum
379 3962 599 4019 caussarumque
627 3945 832 4020 perspicuitas,
858 3943 944 4019 plane
974 3951 1068 4000 tamen
1095 3941 1147 4000 illa

10 4046 16 4081 ⁵
75 4045 154 4104 cordi
191 4064 256 4104 esse
292 4046 378 4104 debet
404 4048 523 4122 politae,
560 4048 606 4104 cui
642 4049 799 4105 maximum
834 4054 897 4119 est,
937 4055 969 4104 nt
1015 4044 1145 4105 delectet.

73 4143 153 4206 Hinc
173 4146 325 4206 multitudo
347 4141 518 4209 ἄσονδέτων
539 4147 613 4224 apud
633 4145 797 4221 Platonem,
823 4148 950 4222 paucitas
979 4147 1054 4223 apud
1075 4149 1146 4221 poii·
1224 4209 1226 4213 ,

76 4256 138 4330 tas;
171 4249 209 4310 cf.
240 4247 346 4310 Matth.
378 4270 423 4328 gr.
446 4271 491 4328 gr.
522 4271 553 4328 p.
577 4255 671 4329 1292,
697 4270 726 4314 e.
767 4247 845 4311 llinc
875 4250 961 4311 etiam
989 4249 1147 4312 carendum
