2678 4816
1144 122 1166 165 el·

413 330 872 461 cruentatae.
1148 393 1194 467 ey

112 580 170 642 dat
190 580 212 641 i.
234 599 262 641 e.
284 578 377 638 filium
399 596 446 639 me
466 600 550 641 mm
569 576 748 641 aonainalat.
788 575 896 639 Traclr.
916 580 996 659 805,
1019 574 1189 659 ὀὕτως’δὲ.

119 682 209 743 dotto
230 674 321 752 etgt'
346 673 499 760 detrudam,
529 683 571 741 sic
597 693 694 742 metuo
721 682 774 741 has
801 679 872 740 milti
898 685 1029 761 inmas,
1057 684 1104 747 bei
1129 696 1188 751 mis·

118 781 323 858 bete-ocdtend,
344 784 381 841 cf.
403 804 432 841 ι.
456 791 515 843 905
539 794 568 843 et
589 780 660 842 Ant.
674 783 746 844 589.
790 781 913 843 Philoct.
938 790 1012 858 130,
1031 774 1067 847 od
1090 791 1188 851 netel-

119 887 182 957 λως
208 879 397 960 attractare,
419 885 445 942 si
466 885 582 942 confuse
603 902 657 943 eno
669 883 866 965 fabulabitur
892 884 913 943 i.
937 906 963 945 e.
986 890 1012 946 al
1023 886 1187 971 fabulabi-

118 1003 179 1064 tur,
200 998 233 1045 ut
252 984 309 1045 siba·
329 985 475 1061 conducet,
498 986 535 1045 cf.
558 985 646 1043 Aiax.
669 993 689 1046 7
694 992 744 1047 59.
788 984 862 1045 Plat.
886 984 976 1063 Gorg.
1001 1011 1028 1063 p.
1053 996 1125 1071 484,
1146 996 1189 1069 Β,

115 1081 270 1166 Ἡρακλῆς
290 1086 345 1146 aad
366 1077 523 1167 Γηρυόνου
545 1080 682 1165 ἠλάσατο
702 1083 759 1160 τὰς
778 1089 862 1164 βοῦς,
884 1086 1026 1150 Hercules
1044 1091 1188 1172 Geryonis

118 1208 223 1267 pecora
256 1186 312 1247 sttt
347 1189 396 1247 vel
424 1208 518 1248 secam
547 1187 654 1263 abegdt.
697 1187 829 1264 Denique
861 1188 1085 1271 προτρέπεσθαί
1110 1218 1188 1276 τινα,

120 1291 197 1366 quod
217 1291 324 1365 legitur
351 1286 394 1349 V.
420 1287 455 1350 G.
487 1288 739 1365 Xen.·Mem..l,
762 1297 791 1363 2,
815 1298 866 1366 32,
888 1290 944 1366 Ill,
965 1300 996 1370 ³,
1019 1302 1049 1370 8,
1071 1294 1127 1370 lv,
1158 1304 1187 1374 5,

122 1401 153 1468 1,
174 1390 287 1489 Herod.
306 1390 333 1467 Ι,
357 1397 408 1468 31,
430 1412 522 1466 usque
543 1391 662 1450 esttibi
682 1392 831 1467 impellere
851 1393 997 1469 aliquem,
1018 1380 1074 1454 s'tbt
1093 1405 1189 1458 cond.

120 1494 207 1571 liure,
228 1496 261 1552 ta
281 1515 350 1552 suus
365 1508 470 1567 partes
490 1492 603 1566 ducere,
625 1495 709 1551 einen
720 1494 786 1573 fita·
806 1490 868 1552 sicle
894 1499 1048 1568 gaeteaea
1077 1520 1117 1558 zu
1146 1516 1188 1560 ct⁴

120 1613 194 1655 wate.
237 1593 277 1653 Et
297 1597 339 1655 sic
359 1595 493 1670 medium,
513 1596 672 1668 ubicunque
699 1594 868 1671 usurpetur,
895 1594 980 1655 etiam
998 1602 1100 1660 visua
1120 1623 1188 1662 vera

122 1708 168 1756 est
186 1692 324 1757 medium.
365 1694 410 1753 En
431 1716 516 1770 quam
536 1697 681 1770 praeclare
701 1694 758 1755 hirc
778 1697 897 1770 quadret
915 1700 1079 1775 exemplam
1100 1707 1188 1763 elin-

122 1820 178 1874 gua
206 1798 366 1857 vernacula.
409 1795 488 1855 Dicit
514 1798 590 1855 enim
617 1797 721 1875 qlicubi
748 1796 908 1859 Selaillerua
938 1810 1047 1862 noster
1062 1805 1189 1866 celeber-

122 1904 228 1960 rimus:

302 2000 383 2063 Wus
403 1997 456 2059 der
475 1995 602 2059 Menaclt
619 1997 703 2059 siclt
723 1996 803 2060 lane
825 1998 1014 2081 erlongus

360 2099 467 2161 Dutch
488 2100 545 2160 den
568 2100 684 2161 Wllett
703 2100 769 2161 atad
787 2100 836 2161 dia
854 2103 955 2185 Krrfi

124 2204 212 2286 Quod
232 2206 297 2281 quis
317 2221 374 2263 non
395 2205 482 2262 etiam
502 2201 660 2262 Germanum
680 2204 780 2263 libenti
800 2206 893 2263 annno
912 2202 962 2264 vel
986 2204 1090 2268 salsam
1111 2206 1193 2271 dixe·
1261 2224 1303 2293 χι

124 2312 163 2367 rit
182 2308 231 2367 vel
248 2307 393 2365 confusum
415 2305 463 2363 vel
483 2304 618 2362 mendose
639 2307 784 2379 scriptione.
825 2302 864 2363 Et
898 2314 992 2364 tamen
1022 2311 1064 2367 sic
1092 2314 1194 2371 cecinit
1244 2378 1252 2395 ,
1307 2304 1310 2309 ¹

124 2427 243 2485 magnius
263 2412 347 2483 poeta
368 2417 397 2466 et
416 2416 494 2465 recte
517 2407 633 2464 cecinitt
666 2409 745 2464 auxit
775 2408 851 2466 enim
881 2409 940 2464 vim
957 2406 1122 2470 reflexivam
1143 2413 1194 2471 ad·

126 2511 219 2571 dendo
241 2507 313 2584 siclt,
336 2521 419 2583 atque
439 2518 472 2566 ut
492 2518 619 2582 augeret,
641 2509 795 2566 sententiae
816 2524 906 2582 genus
928 2514 1109 2572 commonuit.

189 2610 353 2685 Disputavit
367 2610 403 2668 de
416 2612 444 2668 vi
460 2608 546 2667 medii
560 2608 697 2684 sagaciter
711 2619 740 2667 et
755 2629 819 2666 raro
828 2627 891 2666 curn
908 2613 1036 2669 acannine
1043 2608 1196 2675 Mentior·

125 2715 190 2771 nius
210 2714 241 2769 in
263 2710 346 2770 Neue
366 2707 620 2789 Inlabttelerfitr
641 2707 891 2769 Pitt.aad1'ttd.
914 2709 1091 2793 laiesHffl‚
1108 2714 1143 2775 S.
1155 2724 1194 2778 29

124 2815 180 2898 ff„
202 2816 305 2872 iniuria
325 2824 420 2871 tamen
442 2810 651 2885 reprehendens
672 2809 870 2888 ottonianae,
888 2810 964 2887 quod
985 2815 1014 2871 in
1034 2832 1198 2891 proponen-

127 2917 172 2975 dis
193 2915 356 2990 exemplis,
389 2914 438 2972 ubi
467 2913 611 2985 „aetium
632 2932 683 2984 pro
711 2911 829 2969 medio“
857 2920 973 2989 exstet,
1001 2920 1195 2989 prosaieorurn

126 3034 210 3076 ιιιιιιιι
242 3015 380 3091 loquendi
406 3035 423 3072 a
452 3015 599 3087 poetaram
625 3029 725 3085 pamm
757 3016 918 3072 secreverit.
961 3014 1070 3096 Quod,
1107 3022 1196 3080 modo

128 3117 284 3179 addidisset
301 3114 359 3176 Vir
376 3114 499 3190 Doctus,
523 3112 662 3189 quomodo
682 3114 856 3173 intellectum
876 3114 957 3175 velit.
998 3114 1051 3175 An
1067 3122 1197 3180 omitten-

129 3221 158 3279 di
186 3217 263 3293 loci‚
300 3217 348 3276 ubi
387 3219 488 3291 politae
517 3216 638 3273 activum
659 3234 710 3288 pro
736 3214 831 3274 medio
857 3220 987 3290 poatmtl
1027 3217 1095 3281 Hae
1120 3225 1195 3282 enim

129 3322 275 3398 postulare
293 3316 406 3377 videtur
423 3318 488 3377 ille.
529 3314 573 3375 At
603 3313 675 3373 mihi
702 3331 868 3388 persuasum
898 3328 943 3377 eet
971 3322 1195 3400 grammaticam,

130 3434 159 3483 et
186 3421 302 3497 qnidam
328 3419 447 3493 merito,
480 3420 511 3478 in
542 3417 723 3494 minumae
751 3415 984 3491 reprehensiones
1018 3422 1195 3483 incursurum

131 3545 212 3599 ease,
234 3525 284 3598 qui
303 3520 357 3581 hac
377 3532 406 3580 et
427 3522 514 3582 simili
531 3520 677 3579 occasione
704 3520 895 3592 prosaioorum
915 3529 1023 3579 tantam
1042 3520 1123 3583 loaos
1149 3546 1196 3584 ra·

132 3644 252 3703 censens
271 3625 372 3698 politae
392 3622 476 3698 plane
496 3638 552 3679 non
572 3620 757 3694 respexisset.
800 3617 915 3679 Scilicet
934 3626 1117 3697 grammatico
1145 3645 1197 3684 ex-

133 3727 228 3801 empla
248 3725 406 3800 colligenti,
426 3741 501 3796 quaa
521 3741 539 3779 a
558 3717 658 3796 regula
677 3718 774 3795 eliqua
799 3724 989 3799 excipientem,
1017 3742 1075 3782 non
1103 3728 1198 3786 minua

133 3830 228 3904 patto,
257 3843 342 3901 quam
376 3822 517 3900 pedestria
546 3822 680 3881 amnonis
710 3823 848 3897 scriptore
875 3823 1012 3883 utendum
1039 3835 1095 3886 est.
1138 3824 1198 3886 Sed

134 3935 255 4005 poetae,
277 3928 324 3986 cui
344 3935 420 3985 tanta
441 3940 641 4001 usquequaque
658 3923 773 3982 lieentia
791 3940 923 3984 concessa
941 3936 1004 4000 est,
1024 3936 1057 3984 ut
1078 3928 1199 3986 eumad

136 4033 291 4089 orationem
310 4028 438 4086 conferre
456 4026 599 4084 licentiam
625 4025 709 4083 istoru
736 4044 820 4083 nemo
847 4027 885 4083 ait
912 4024 1081 4101 miramars,
1113 4029 1200 4087 etiam

132 4132 271 4213 'exempla
297 4132 391 4189 rainae
419 4148 482 4186 rara
510 4147 543 4185 ac
569 4123 761 4184 memorabilia
781 4144 845 4186 esse
865 4142 913 4185 res
934 4138 1143 4189 estromenta
1171 4142 1204 4191 et

139 4224 300 4311 nautio,
328 4241 361 4291 ut
390 4230 541 4291 ridiculum
567 4228 658 4304 foret,
685 4224 713 4289 si
740 4226 805 4304 quis
832 4229 882 4289 tel
909 4240 1043 4290 annotare
1069 4246 1134 4289 eam
1163 4236 1204 4295 ed

809 4368 812 4375 -
888 4328 912 4387 7
