2678 4816
764 132 775 197 i

188 386 290 471 ,ιω
571 378 792 477 aaran
833 378 893 446 u.
994 390 1002 404 2

190 580 248 639 tius
268 585 385 654 purgarat,
407 593 492 649 eptam
513 581 610 649 petere
631 572 667 632 ab
688 571 795 650 aliquo,
816 580 849 631 ut
864 569 971 648 pedem
983 570 1040 632 sibi
1052 566 1215 653 ubsm‘adar,
1237 585 1269 638 et

192 680 277 757 paulo
288 688 353 755 post
364 676 468 751 eidem,
479 675 547 751 qnid
558 677 606 751 sit,
617 677 801 750 interroganti
812 675 995 749 respondere,
1006 675 1080 754 qaid
1088 692 1138 737 rua
1146 680 1268 760 reJ‘ert?

192 780 231 845 Et
245 793 338 839 tameu
351 777 405 837 hoc
420 780 513 853 ipsum
530 779 559 835 iu
577 776 704 838 nostrum
721 777 912 851 loctrtncadit,
935 780 983 836 nbi
997 777 1169 839 Philoctetes
1182 781 1269 842 modo

157 914 159 919 >
193 905 223 951 r.
246 890 308 944 737
328 915 365 928 -
383 888 424 939 40
446 879 520 938 illud
534 882 629 955 ipsum
651 882 774 954 petierat
793 878 1020 955 aNeoptolemo.
1050 879 1170 942 Etiamsi
1192 885 1270 944 enim

195 986 311 1046 dolores
327 985 385 1041 iam
398 982 604 1059 aliquantulum
619 983 764 1043 remisisse
778 984 938 1054 statuimus,
960 981 992 1040 id
1005 983 1080 1057 quod
1093 1004 1149 1043 noo
1164 996 1271 1063 potest,

196 1099 290 1148 umen
311 1083 410 1146 haere
430 1082 505 1141 nihil
526 1083 649 1158 amplius
664 1083 797 1159 efficitur,
820 1106 904 1158 qnam
919 1095 961 1158 ut,
983 1105 1055 1159 quae
1070 1096 1134 1146 ante
1151 1091 1272 1162 petierat

195 1188 384 1261 Philoctetes,
402 1207 477 1246 uuuo
491 1197 588 1260 petere
603 1183 722 1244 desinat.
750 1184 883 1261 Denique
898 1207 967 1246 vero
985 1208 1127 1263 rraruqnam
1142 1189 1274 1250 credide·
1295 1116 1335 1253 d

196 1293 252 1353 rim
280 1298 429 1365 aegrotum
458 1288 540 1346 illum
578 1307 611 1346 ac
637 1287 756 1346 vulnere
786 1308 840 1348 saro
866 1298 1011 1362 tantopere
1044 1301 1195 1366 vexatum,
1222 1293 1274 1366 quai

159 1400 170 1410 “
197 1393 278 1453 brevi
308 1400 374 1450 aute
402 1389 554 1448 molestam
574 1386 756 1464 Neoptolemi
784 1391 1038 1464 percunctationem
1069 1391 1180 1452 duobus
1207 1414 1276 1454 ver-

197 1495 242 1556 bis
270 1495 426 1568 vitarmat,
454 1511 545 1566 nunc,
576 1490 653 1549 idem
682 1493 709 1553 si
735 1492 930 1566 respondisset
951 1486 1005 1551 οὐκ
1034 1483 1118 1568 οἶδα,
1151 1495 1276 1554 interro

92 1636 98 1650 .
201 1607 334 1681 gatrauam
355 1595 450 1653 denuo
470 1594 571 1669 luisse,
595 1592 660 1663 πῶς
680 1587 735 1651 οὐκ
758 1583 872 1670 οἶσθα,·
912 1591 986 1653 Nam
1014 1596 1136 1668 primum
1164 1605 1276 1657 tantmn

178 1699 299 1773 subest,
326 1708 358 1755 ut
379 1694 552 1756 Philoctetes
573 1694 685 1753 diceus:
716 1698 767 1774 pai
778 1696 861 1774 flur,
889 1709 923 1754 ur
953 1700 1067 1758 nescius
1086 1694 1277 1773 Neoptolemo

200 1798 255 1862 hac
275 1801 306 1856 iu
326 1818 359 1857 re
380 1817 496 1872 operam
517 1815 598 1858 suam
619 1798 818 1874 praestitisset,
847 1807 880 1856 ut
902 1818 937 1856 ne
959 1811 1139 1874 oppugnatus
1160 1800 1277 1874 quidem

201 1899 402 1975 interrogando
424 1897 572 1957 consessus
586 1900 636 1974 sit,
657 1919 708 1956 cur
729 1899 909 1958 lamentetur.
952 1898 1065 1959 Deinde
1078 1921 1146 1961 vero
1162 1902 1301 1985 omnmo..

202 2006 327 2065 alienum
349 2011 393 2061 est
413 2001 448 2060 ab
470 2021 523 2076 eo,
548 2001 605 2079 gui.
624 2001 767 2077 syllabam
795 1999 910 2060 dixisse
939 2002 1009 2061 satis
1030 2000 1132 2076 habet,
1160 2005 1281 2078 iusuper

203 2111 406 2179 iraterrogure,
428 2113 457 2163 ct
477 2104 547 2161 satis
569 2100 655 2162 habet
674 2103 827 2180 syllabam,
859 2105 909 2178 qui
938 2114 981 2163 est
1003 2103 1149 2165 doloribus
1171 2107 1279 2165 crucia·

102 2224 107 2239 “
203 2220 261 2268 tus.
307 2204 404 2287 Qn'me
435 2207 591 2281 permirum
618 2214 711 2280 esset,
751 2215 780 2263 et
807 2207 834 2263 si
862 2202 894 2264 τί
919 2225 985 2280 σοι,
1023 2217 1052 2266 et
1080 2208 1105 2264 si
1133 2208 1198 2278 πῶς
1225 2203 1280 2266 οὐκ

204 2301 301 2372 ὀἶσθα
339 2319 452 2383 praeter
489 2327 602 2366 omnem
636 2309 833 2366 necessitatem
863 2309 1064 2384 interrogasset
1092 2307 1280 2374 Philoctetes.

206 2409 266 2471 Sed
287 2422 389 2484 macte,
411 2408 487 2484 <prod
506 2406 666 2483 Sophocles
693 2411 827 2468 scientior
846 2410 900 2467 suit
918 2411 948 2466 iu
970 2409 1146 2486 depingendo
1167 2432 1214 2487 eo,
1235 2415 1281 2472 cul

99 2532 103 2539 ·
208 2514 290 2574 dolor
320 2511 527 2587 propemodum
559 2531 656 2569 rocem
678 2512 847 2586 praecludit.
890 2508 964 2570 Nam
992 2532 1087 2586 neque
1114 2512 1281 2589 Purgoldus

209 2613 353 2694 [Obserr.
377 2611 449 2672 Crit.
471 2615 501 2672 in
520 2609 610 2687 Soph.
632 2610 704 2671 Eur.
725 2623 778 2672 etc.
800 2611 936 2672 Iertae'et
956 2611 1076 2688 Lipsiae
1095 2615 1210 2692 1802],
1233 2619 1283 2691 quui

209 2719 325 2777 omnino
345 2717 423 2791 iusto
443 2715 597 2788 proclivior
627 2714 664 2772 ad
694 2715 892 2790 corrigendiue
921 2715 1011 2774 fuisse
1039 2716 1169 2801 videtur,
1200 2717 1283 2792 quid,

210 2839 297 2895 quam
326 2818 446 2892 profecit
476 2825 614 2875 commata
642 2817 698 2877 ista
726 2817 826 2875 eodem
847 2817 909 2875 sere
930 2818 1034 2893 modo,
1064 2840 1120 2894 quo
1140 2816 1284 2881 Herman-
1329 2894 1332 2903 ¹

210 2942 283 2996 niu,
317 2919 505 2979 distribuenst
547 2915 642 2978 (ΜΛ.
683 2906 784 2993 οἶσθ’,
815 2903 926 2981 ainos
971 2917 1039 2978 NE.
1069 2916 1102 2979 τί
1124 2940 1171 2980 σοι
1180 2945 1190 2997 ‚-
1229 2915 1284 2980 oris

213 3013 292 3083 eido.
341 3017 434 3079 (ΜΛ.
458 3019 524 3089 πῶς
544 3014 599 3078 οὐκ
621 3011 736 3081 odada!
778 3018 825 3079 De
847 3042 902 3098 qua
922 3022 1031 3080 ratione
1051 3022 1178 3081 iteranda
1208 3035 1284 3100 uuirt,

213 3144 286 3199 quae
305 3122 389 3198 paulo
413 3131 477 3184 aute
498 3121 631 3181 diximus.
675 3123 715 3182 Et
742 3122 918 3183 exclamandi
940 3125 1054 3198 siguum
1081 3120 1227 3207 Phssflitlts
1249 3146 1286 3185 au

213 3223 419 3300 interrogandi,
442 3223 477 3281 ad
498 3245 584 3282 uumn
605 3224 697 3285 redit:
721 3246 787 3284 uam
808 3223 901 3283 aliena
921 3237 986 3284 suut
1007 3246 1024 3283 a
1042 3210 1203 3285 Philocteia
1220 3249 1286 3302 pro.

213 3327 313 3402 {lig-ato
334 3325 477 3400 superflua
495 3327 551 3389 ista
572 3327 637 3398 πῶς
658 3321 713 3392 οὐκ
735 3319 840 3404 οἶσθα,
859 3328 920 3390 sire
937 3328 1150 3407 interrogentur
1160 3349 1203 3404 ea,
1225 3331 1289 3388 sive

135 3491 138 3495 ,
214 3428 419 3488 exclamcntnr.
510 3482 513 3487 .

301 3527 432 3588 Proiecto
453 3478 552 3591 oNhes
581 3528 634 3590 has
657 3532 867 3590 immutationes
901 3533 999 3590 inanes
1031 3504 1096 3592 eise
1121 3533 1290 3594 lucnlentis«

217 3634 290 3696 simo
312 3632 484 3693 demonstrat
505 3630 575 3707 hoc,
598 3631 675 3706 quod
696 3635 802 3708 optima
824 3643 906 3708 atque
922 3637 1071 3695 sanissima
1085 3636 1202 3711 uulgata
1218 3639 1290 3694 scri-

218 3746 301 3811 ptura
322 3745 385 3809 est,
415 3754 500 3808 quam
526 3735 555 3791 in
576 3736 657 3792 initio
678 3732 764 3797 lartius
791 3735 962 3813 paragraphi
987 3739 1081 3812 posui.
1124 3735 1292 3797 Tenendum

220 3847 265 3897 est
296 3847 391 3895 autem
416 3836 472 3900 diso
501 3838 680 3917 potissimum
708 3858 896 3912 corteurrere,
925 3860 997 3914 quae
1018 3837 1206 3900 Philoctetam
1227 3859 1293 3900 cum

120 3972 124 3979 ·
220 3938 410 4013 Neoptolemo
446 3939 654 4012 colloquentem
679 3937 738 3998 hoe
764 3939 827 3998 loco
856 3951 1001 4017 moveant,
1036 3943 1161 4016 primum
1190 3950 1317 4017 nearest

220 4062 257 4100 ne
280 4040 389 4098 detecto
411 4042 509 4101 morbo
530 4042 718 4117 relinquatur,
743 4041 845 4100 deinde
867 4041 990 4102 dolores.
1033 4041 1075 4105 Hi
1107 4043 1234 4117 tacitns,
1260 4053 1296 4101 ut

220 4145 301 4218 loqui
322 4143 433 4202 animus
446 4144 587 4220 1·elugiat;
608 4144 658 4229 illo
672 4166 723 4204 cnr
745 4164 812 4204 eum
831 4157 972 4220 maceret,
994 4146 1024 4204 in
1042 4166 1128 4206 caussa
1145 4155 1211 4206 sumt
1232 4149 1296 4205 eius

221 4246 346 4311 lamenta
357 4263 390 4303 ao
406 4247 499 4309 malas
508 4250 565 4307 iste
580 4246 750 4328 odorpqnae
762 4245 863 4311 eadem
873 4249 932 4311 iam
947 4242 1298 4331 Gramrmoreraot,

716 4540 781 4667 ο
