2678 4816
135 365 177 431 lh
523 362 812 429 CAPUTI.

134 553 267 631 strophae
285 555 497 630 responsionem
514 555 553 613 ita
575 574 608 613 ae
628 555 788 613 correxisse
811 553 950 629 fateatur,
978 556 1141 616 testimonio
1161 567 1211 616 ts·t

133 679 199 718 men
226 677 291 717 esse
318 666 412 731 potest
441 658 498 714 iam
518 653 684 714 Triclinium
702 656 796 714 locum
818 656 858 713 its
879 656 1042 716 distinctum
1061 659 1206 736 voluisse,

25 806 29 815 .
133 761 176 819 uti
195 758 272 820 volo.
313 756 414 833 Neque
433 759 516 817 aliter
536 755 736 832 Musguarius,
757 756 830 817 bene
857 756 985 818 divinans
1012 758 1084 818 haec
1104 755 1206 841 σοφόν

4 858 23 879 ’“
133 882 162 921 τι
184 856 217 920 τὸ
239 853 390 938 μηχανόεν
409 856 517 936 τέχνας
539 880 604 917 cum
624 859 765 933 prioribus
782 860 940 918 arctissime
956 859 1119 937 cohaerere,
1141 883 1206 921 mo·

132 962 170 1022 do
187 983 225 1021 ne
246 972 311 1036 post
331 957 438 1039 τίχνας
458 962 647 1035 substitisset,
676 961 726 1019 ubi
753 959 990 1036 progrediendum
1021 973 1084 1022 erat
1109 985 1206 1039 usque

132 1065 169 1124 ad
190 1057 285 1141 ἕχωνι
305 1063 382 1123 male
404 1064 480 1122 enim
500 1063 561 1121 illic
573 1063 758 1136 interpunxit.
774 1092 813 1106 -
837 1059 985 1120 Habemus
998 1065 1086 1139 igitur
1101 1065 1206 1124 distin·

133 1168 265 1242 ctionem,
287 1166 349 1241 cui,
371 1174 429 1223 tum
450 1166 547 1222 mrdtis
569 1164 737 1239 faventibus,
759 1163 850 1222 obstat
869 1176 982 1240 praeter
1001 1166 1131 1231 oodicrrm
1151 1188 1205 1226 au·

132 1268 289 1328 ctoritatem
308 1265 391 1326 nihil.
433 1263 531 1341 Atque
551 1264 637 1325 huius
657 1267 702 1325 rei
722 1266 773 1325 vix
793 1264 910 1323 dubium
924 1276 978 1343 est,
999 1270 1068 1343 quin
1085 1268 1205 1344 stropha

133 1379 163 1430 et
189 1366 361 1444 antistropha
387 1368 500 1443 culpam
529 1370 702 1440 sustineant,
723 1368 763 1426 ita
792 1367 926 1444 quidem,
960 1379 993 1428 ut
1020 1370 1205 1433 librariorum

46 1490 52 1503 ³
131 1473 304 1549 negligentia
333 1481 449 1546 propter
474 1468 665 1544 antistrophoe
691 1470 805 1528 initium
825 1490 915 1530 novae
936 1491 1049 1546 quoque
1068 1475 1205 1532 enuncia·

132 1577 216 1634 tionis
236 1574 348 1632 initium
367 1573 472 1632 factum
493 1573 540 1647 sit,
562 1582 591 1631 ct
611 1581 728 1646 propter
745 1569 878 1645 strophae
899 1571 987 1631 finem
1006 1575 1110 1648 prioris
1130 1596 1205 1649 quo·

132 1697 188 1752 que
209 1676 366 1734 sententiae
393 1673 460 1732 finis
488 1675 665 1732 constitutus.
716 1671 898 1752 Quamquam
925 1675 1126 1734 creberrimum
1155 1687 1204 1737 est

132 1778 207 1852 apud
228 1778 350 1853 mgtoos
370 1777 537 1836 sententiam
558 1776 589 1832 in
609 1772 724 1848 stropha
744 1774 871 1832 relictam
892 1776 1086 1850 imperfectam
1100 1778 1203 1853 perlici

132 1888 218 1953 atque
245 1879 354 1937 absolvi
382 1879 414 1936 in
441 1874 625 1952 antistropha.
675 1873 722 1936 cf.
742 1873 848 1936 Heath.
870 1877 907 1936 ad
935 1876 1047 1940 Aesch.
1063 1877 1151 1956 Sept.
1173 1901 1202 1942 c.

133 1978 191 2041 Th.
207 1983 267 2041 751
290 1999 355 2054 sqq.

216 2080 343 2143 Transeo
360 2079 399 2141 ad
419 2081 584 2157 sequeutia,
606 2082 656 2182 uhi
675 2100 813 2141 consumi
832 2082 913 2143 codd.
933 2082 1054 2159 legitur:

604 2187 718 2243 νομοος

368 2265 517 2350 πορεῖριον
530 2262 650 2346 χθονὸς

367 2371 450 2430 θεῶν
471 2365 503 2430 τ’
527 2365 648 2450 ἔνορκον
671 2367 772 2446 δίκαν,
795 2362 951 2448 ὑψίπολις.

133 2473 228 2538 Godd.
250 2474 445 2533 auctoritatem
466 2475 492 2532 si
513 2475 674 2548 sequimur,
703 2469 853 2553 παρείροιι
878 2478 979 2535 mirata
1001 2496 1053 2536 sua
1075 2479 1105 2538 ri
1124 2481 1202 2539 inae-

132 2575 220 2638 rendi
240 2574 432 2650 accipiendum
454 2584 515 2646 est,
544 2585 627 2649 atque
648 2585 713 2649 apte
733 2584 794 2633 tum
813 2573 976 2637 Erfurdtius
997 2591 1138 2655 comparat
1158 2583 1204 2641 la-

133 2680 225 2737 tinum
239 2698 379 2752 atemere,
401 2676 476 2751 quod
490 2674 659 2757 (defendere,
681 2675 830 2737 vindicare
844 2680 1002 2754 significat:
1024 2679 1109 2740 hrrius
1123 2686 1202 2745 enirn

133 2781 256 2839 notionis
276 2789 337 2837 tum
357 2777 466 2853 aliquid
486 2798 633 2852 aspersum
655 2789 708 2838 est.
764 2778 877 2859 Quodsi
896 2772 1041 2855 ὑψίπολις
1058 2784 1095 2844 de
1110 2789 1202 2860 prio·

133 2884 198 2956 cipe
218 2879 323 2938 dictum
344 2900 409 2939 csse
429 2899 594 2955 censemus,
625 2881 710 2939 etiam
729 2883 834 2941 melius
854 2883 967 2943 videtur
985 2889 1122 2945 sententia
1143 2890 1201 2948 ista

133 2981 281 3057 quadrare.
331 2980 538 3041 Verumtamen
566 2990 595 3041 et
623 2982 658 3041 de
676 2985 802 3059 principe
824 2994 853 3044 et
873 2985 909 3044 de
930 2987 1075 3047 inserendi
1095 2992 1125 3048 vi
1147 2989 1203 3051 du·

132 3083 202 3144 bito.
245 3082 385 3160 Principis
404 3086 496 3159 οοίιιι,
523 3083 605 3159 vide,
633 3105 718 3159 quam
744 3084 792 3144 hio
813 3088 851 3145 sit
869 3107 969 3160 parum
990 3099 1055 3162 apta
1075 3112 1202 3153 mnume-

132 3187 271 3260 moratio,
294 3188 391 3261 quisi
412 3184 497 3245 modo
518 3187 657 3243 nominari
677 3187 835 3262 pomisset,
857 3189 899 3246 sic
919 3199 1027 3249 tantum
1048 3195 1199 3270 pemisset,

132 3298 164 3347 ut
184 3291 317 3365 princeps
342 3289 422 3364 leges
450 3289 577 3346 inserere
603 3286 762 3364 diceretur,
790 3309 862 3362 nou,
892 3293 941 3365 qui
968 3292 1050 3368 leges
1079 3297 1201 3375 inserat,

132 3409 197 3449 esse
217 3391 359 3464 princeps.
412 3386 478 3449 Hoc
498 3389 573 3447 enim
591 3409 643 3480 neq
665 3400 758 3464 potest
779 3411 843 3451 esse
868 3415 967 3454 verum
994 3415 1047 3455 nec
1074 3399 1130 3456 fuit
1149 3421 1202 3459 ve·

131 3512 196 3550 rum
216 3493 381 3566 antiquitus.
424 3488 485 3550 Sed
507 3492 598 3549 omnis
618 3493 749 3566 princeps
770 3493 879 3555 alicnus
900 3507 959 3556 est:
991 3519 1056 3557 nam
1079 3503 1201 3574 opponi·

130 3601 179 3651 tur
197 3594 260 3669 illi,
282 3593 331 3666 qui
351 3583 496 3669 ὑψίπολις
517 3593 691 3667 appellatur,
714 3586 821 3665 ἄπολις
841 3594 870 3657 h.
892 3619 920 3657 e.
942 3599 1050 3675 0an
1070 3623 1126 3675 qua
1147 3624 1202 3678 op-

130 3695 272 3768 positione
300 3692 422 3753 efficitur
450 3695 531 3769 prius
555 3714 658 3752 nomen
685 3715 742 3754 non
770 3697 1008 3773 interpretandum
1039 3721 1103 3761 esse
1132 3722 1200 3779 m

130 3791 282 3856 Passowio
304 3805 334 3856 et
352 3793 500 3854 Erfurdtio
517 3799 676 3870 princeps,
707 3796 759 3855 sed
790 3817 855 3858 cum
882 3800 1047 3861 Hermarmo
1075 3795 1200 3882 ὖψηλῆς

131 3892 163 3955 ἓν
183 3896 221 3976 τῇ
243 3889 342 3973 πόλει,
370 3896 478 3969 huus,
506 3901 632 3956 σοιίιιοιιο
652 3900 732 3956 civis.
785 3897 866 3958 At
856 3921 912 3961 tarn
933 3923 986 3962 nec
1006 3904 1134 3980 legam
1121 3928 1200 3965 ιιιιι-

129 3996 289 4058 rettclurnm
307 4002 384 4059 notio
404 4001 474 4058 satis
496 4009 560 4072 apta
581 4008 642 4057 est:
665 3997 719 4057 hoo
740 4003 815 4059 enim
834 4003 859 4059 si
880 4022 979 4062 verum
1000 4016 1078 4066 essct
1087 4028 1198 4084 ‚eum,

129 4102 181 4175 qui
201 4101 281 4177 leges
301 4076 471 4177 nument,
499 4101 588 4159 fuisse
609 4101 712 4159 bonum
734 4105 843 4178 civem,
871 4107 1055 4182 paucissimi,
1084 4129 1198 4184 vereor,

129 4218 166 4261 ne
185 4222 224 4265 ex
244 4205 321 4263 omni
341 4184 478 4267 moria
497 4203 563 4264 boni
584 4202 654 4263 ciris
666 4203 791 4281 gloriam
805 4207 925 4266 assecuti
939 4208 1056 4269 fuerint.
1094 4207 1197 4285 ltaque
