2678 4816
74 366 169 435 -36
413 425 417 434 ,
509 361 731 428 CAPUT
772 364 880 432 11.-

126 571 187 639 est3
210 569 240 620 at
260 557 436 634 singularem
456 558 487 615 in
506 555 623 614 modum
643 566 809 632 usurpatum
829 568 873 617 est
891 559 966 618 illud
986 557 1058 620 ἰδεῖν
1078 557 1202 623 ἐπισκο-

127 664 260 738 ποῦντα,
288 660 364 736 qued
393 662 418 718 si
437 680 500 717 erun
528 656 651 718 Heatlrio
679 660 721 717 sic
748 660 951 736 intelligimus:
983 678 1202 738 eerspectaatem

128 764 240 838 videre,
261 767 340 837 sive,
363 759 432 819 dum
452 758 558 834 videat,
587 763 660 819 scire
680 762 784 838 velim,
816 784 864 822 cur
885 762 1042 838 Sophocles
1065 768 1201 825 orationis

73 888 79 905 ⁴
128 871 258 944 princeps
277 866 331 924 ille
352 885 403 938 pro
425 863 488 921 selo
510 877 725 936 exspectantem
746 879 864 924 mortem
886 877 942 924 tam
964 869 1068 925 rustice
1088 869 1203 940 posuis-

57 1040 66 1063 ·
128 980 172 1029 set
192 980 408 1043 exspectantem
428 962 526 1022 videre
547 978 675 1024 manem.
719 963 841 1025 Accedit
862 969 940 1042 quod
959 970 996 1027 ad
1025 967 1150 1044 ὀλβίζειν
1169 972 1202 1027 in

129 1091 226 1132 omnes
248 1081 344 1146 partes
363 1065 425 1126 δεῖ
440 1077 535 1125 mente
556 1068 781 1126 substituendum
802 1080 860 1146 est,
881 1071 913 1128 id
934 1073 1010 1146 quod
1029 1093 1086 1130 non
1106 1075 1203 1132 minus

129 1184 173 1234 est
190 1194 294 1232 novum
316 1182 399 1246 atque
420 1168 575 1244 insolitum,
598 1180 627 1227 et
648 1172 728 1228 cuius
748 1175 861 1246 generis
883 1174 1047 1249 exemplum
1063 1195 1120 1232 non
1135 1195 1202 1233 me·

127 1279 208 1335 mini.
252 1273 310 1334 Hic
331 1275 420 1348 igitur
440 1273 521 1330 locus
541 1273 699 1345 srrspectior
720 1282 780 1348 est,
809 1295 892 1349 qnam
918 1285 951 1333 ut
979 1298 1030 1351 pro
1059 1274 1128 1334 sano
1149 1274 1202 1334 lm-

43 1411 45 1414 ·
128 1380 189 1438 beri
211 1379 310 1452 possit.
353 1373 471 1433 Rectam
492 1375 568 1430 viam
586 1376 696 1447 aperuit
717 1371 859 1434 Stanleius
881 1377 917 1434 ad
935 1375 1045 1438 Aesch.
1070 1375 1151 1452 Sept.
1173 1399 1201 1438 e.

107 1479 223 1539 Theb.
238 1485 320 1552 778,
349 1471 427 1535 tter
450 1475 621 1534 coniiciendo
643 1497 697 1549 pro
720 1474 810 1551 lilaiv5
840 1479 925 1537 modo
944 1500 982 1538 ne
1003 1481 1202 1555 imperfectum

129 1582 282 1657 elegisset,
304 1579 380 1653 qrrod
402 1579 436 1637 ab
460 1575 513 1635 hac
532 1578 664 1636 universe
685 1581 824 1637 sententia
845 1581 969 1640 alienrun
991 1591 1046 1641 est.
1090 1579 1204 1642 Certis·

129 1685 202 1745 sime
228 1679 386 1756 Sophocles
411 1681 525 1754 scripsit
551 1676 723 1738 τελευταίαν
751 1699 790 1758 γε
819 1677 911 1740 δεῖν.
964 1681 999 1740 ln
1026 1680 1201 1742 τελευταίαν

130 1782 272 1858 emphasis
293 1793 353 1842 est:
386 1802 452 1840 nam
481 1802 536 1839 una
556 1803 692 1856 suprema
713 1781 774 1840 dies
796 1781 947 1844 discrimen
967 1786 1052 1857 facit,
1081 1787 1201 1846 beateae

129 1890 188 1947 tiu
215 1886 335 1944 alicuius
363 1885 465 1958 firerit,
494 1904 599 1960 necne3
631 1905 718 1958 quare
746 1904 778 1963 γε
807 1888 1045 1959 opportunissime
1074 1887 1201 1950 additur.

125 1983 211 2049 'laea
232 1997 326 2046 autem
341 1987 403 2046 veri
422 2003 478 2043 non
500 1995 543 2044 est
565 1987 695 2044 absimile
713 1986 860 2045 librarium
879 1989 1005 2062 aliquem
1019 2010 1036 2048 a
1050 1990 1201 2049 simillime

118 2082 191 2150 'leco
212 2088 358 2163 Euripidis
385 2087 529 2155 inductum
558 2085 614 2146 huc
641 2089 831 2152 transtulisse.
885 2087 986 2149 Totius
1013 2091 1069 2150 loci
1097 2111 1201 2150 seimus

105 2180 205 2251 ‘nunc
225 2191 272 2251 hic
293 2201 353 2251 est:
375 2212 392 2250 ο
414 2193 489 2250 cives
517 2187 702 2262 Thebarum,
732 2188 842 2269 videte,
875 2206 1014 2270 quantam
1040 2195 1073 2250 ia
1095 2215 1201 2251 scaevae

131 2295 306 2354 calamitmis
326 2295 456 2375 fluctum
482 2291 614 2368 Oedipus
643 2290 722 2352 hicce
748 2291 901 2369 inciderit,
932 2297 998 2373 qai
1030 2293 1114 2353 clara
1142 2295 1200 2354 illa

130 2400 297 2470 aenigmata
321 2395 465 2468 solvebat,
499 2400 551 2476 qui
577 2400 623 2454 vir
649 2408 714 2454 etat
728 2395 931 2474 fortissimas,
958 2400 1009 2475 qai
1033 2397 1200 2471 opulentae

131 2502 234 2558 eiciam
260 2497 346 2577 atque
362 2500 502 2579 fortunis
526 2519 585 2556 aaa
609 2495 768 2556 invidebat.
833 2495 934 2578 Quare
961 2499 1094 2558 mentalis
1121 2496 1200 2558 diem

130 2621 294 2675 suprmaam
315 2615 491 2675 exspectans
504 2574 645 2658 nerninem
662 2597 745 2657 debet
761 2596 875 2659 beatam
892 2614 959 2660 aate
977 2598 1089 2679 dicere,
1111 2623 1200 2681 qaam

130 2703 218 2763 vitam
232 2703 371 2783 finierit,
391 2699 468 2763 ar'Jtt’l
483 2723 636 2780 papessus
657 2701 738 2762 mali.
