2678 4816
197 387 261 452 aaa
599 381 820 446 aanor
862 335 955 447 lu

196 575 270 637 Nam
298 587 326 636 et
353 572 484 635 doclrmio
512 594 591 633 mero
623 583 652 633 et
681 575 894 650 elegantissimo
920 572 1071 647 respondet
1099 575 1129 630 iu
1156 571 1275 648 stropha

197 679 346 739 doclunius
365 679 439 736 alius
461 677 569 736 foratae
575 719 587 751 ,
614 685 644 735 et
667 676 787 737 diruetro
809 677 929 734 iambico
960 676 1123 733 catalectico
1153 675 1275 737 dimeter

196 783 332 841 iambicus
354 781 549 838 acatalecticus
579 789 731 852 anapaesto
760 778 938 838 defoedatus.
982 776 1095 839 Deinde
1123 778 1152 833 io
1179 778 1275 836 verbis

197 878 262 944 εἷ’θε
281 918 324 930 -
341 877 435 941 «ἕλωσι
455 881 643 940 soloecismus
664 883 758 957 inest,
792 901 877 954 quem
909 876 1101 938 hodienemo
1130 899 1186 937 riou
1207 900 1276 954 gm-

196 988 345 1047 vissitmun
362 984 503 1060 agaioscit.
548 980 696 1061 Quidquid
723 984 798 1041 enim
819 980 1010 1041 Buttmouuus
1041 973 1288 1040 comminiscatur

197 1088 234 1147 ad
255 1084 486 1164 patrocinandum
507 1081 573 1142 huic
593 1083 730 1168 lacpiendi
751 1085 879 1158 formae,
908 1082 981 1142 nilril
1002 1093 1047 1143 eet
1067 1103 1191 1157 uuquam
1212 1105 1277 1142 ma·

196 1190 241 1267 gis
264 1199 361 1248 contra
382 1188 463 1263 leges
485 1196 569 1260 atquc
591 1197 723 1244 natiuam
752 1187 867 1261 linguae
888 1206 1007 1261 graecae
1039 1184 1154 1243 dictum.
1208 1183 1277 1244 Nisi

196 1312 264 1350 vero
286 1290 349 1365 quis
371 1286 427 1347 hoc
448 1308 464 1346 a
483 1291 567 1363 poeta
590 1287 646 1345 dici
668 1289 817 1361 opineturz
840 1307 924 1345 reema
935 1284 1009 1346 docio
1023 1284 1151 1345 Iomoud
1165 1287 1276 1362 wollte,

197 1389 267 1451 daca
287 1387 363 1450 mich
384 1388 433 1448 die
457 1388 556 1464 Vdgel
573 1388 677 1449 duvon-
693 1394 819 1464 triigen:
851 1408 923 1467 quiae
944 1410 1028 1464 cpiam
1049 1392 1089 1449 ait
1109 1391 1184 1448 male
1205 1411 1276 1450 caua

196 1494 335 1554 sententia
342 1537 352 1567 ,
374 1513 446 1567 puer
467 1494 588 1567 (piisque
609 1491 756 1566 iutelligit.
800 1486 895 1548 Etiam
916 1489 1116 1568 Hermaeum,
1138 1495 1187 1568 qui
1202 1495 1276 1552 olim

195 1590 283 1656 liutius
313 1596 530 1654 constructionis
556 1594 690 1653 defensor
717 1594 866 1651 exstiterat
896 1594 925 1650 in
944 1591 1040 1652 Elem.
1070 1593 1159 1653 doctr.
1188 1607 1274 1663 metr.

159 1680 162 1684 ¹
196 1719 227 1774 p.
256 1700 321 1758 534
347 1717 425 1772 stup,
451 1697 570 1756 eandem
598 1698 628 1754 in
658 1695 782 1754 editione
803 1691 981 1753 Philoctetae
1011 1696 1068 1753 iam
1096 1695 1206 1754 dudum
1233 1700 1275 1757 ita

196 1799 377 1874 reprobavit,
403 1807 436 1856 ut
457 1820 513 1857 nou
533 1800 635 1858 leviter
662 1799 835 1870 vituperaret
856 1780 1079 1869 Butunannum,
1105 1799 1182 1872 quod
1211 1821 1276 1859 cor-

196 1902 288 1975 ruptis
317 1899 428 1958 duobus
456 1898 602 1975 Euripidis
631 1901 704 1961 locis
733 1897 864 1956 inductus
895 1907 982 1956 totam
1014 1900 1099 1958 istam
1131 1893 1274 1972 σύνταξιν

197 2013 303 2062 certam
320 2022 353 2065 ac
374 2011 464 2060 tutam
485 2023 548 2061 esse
570 2002 718 2061 iudicaret.
772 1997 905 2063 Gaidccit
930 2021 993 2058 rem
1013 2011 1095 2075 pater
1124 2023 1206 2062 meus
1236 2003 1274 2064 ad

195 2101 250 2163 lios
270 2105 350 2178 ipsos
369 2104 449 2162 locos
471 2101 651 2178 Euripidem,
674 2099 779 2177 Suppl.
805 2106 899 2176 1028,
920 2099 989 2161 Hel.
1013 2109 1075 2163 263
1105 2112 1136 2162 et
1155 2101 1271 2166 Hecub.

198 2209 279 2283 ⁴243
302 2208 371 2263 item
392 2207 421 2263 iu
443 2226 563 2280 gramm.
586 2227 630 2283 gr.
653 2209 675 2277 1.
699 2208 773 2276 517,
795 2203 890 2262 Auru.
912 2211 942 2279 e,
964 2226 992 2278 p.
1017 2210 1090 2265 991.

280 2305 367 2386 Quae
388 2328 475 2383 quicum
496 2309 628 2383 sintita,
660 2316 736 2366 recte
758 2303 940 2364 Hermauuus
959 2305 1026 2364 dicit
1045 2306 1273 2366 emendationem

196 2409 392 2469 inveniendam
409 2430 495 2484 esse,
517 2429 591 2484 quae
611 2431 669 2469 uon
690 2408 774 2468 modo
795 2410 941 2467 soloecum
962 2407 1034 2466 illud
1058 2418 1205 2485 metroque
1225 2429 1273 2468 re·

196 2531 325 2589 pugnans
339 2506 411 2571 eide
431 2493 576 2571 removeatt
596 2513 627 2569 in
647 2513 856 2586 postremisque
876 2512 969 2571 verbis
991 2521 1040 2570 aut
1066 2505 1125 2592 γὰρ
1152 2521 1200 2569 aut
1228 2504 1273 2571 ἔτι

194 2613 343 2673 commode
365 2596 456 2673 omitti
476 2613 617 2688 patiatur,
639 2613 691 2673 aed
713 2615 798 2672 etiam
816 2615 882 2672 talis
904 2617 951 2689 sit,
973 2626 1022 2691 ut,
1053 2615 1130 2674 uude
1149 2611 1273 2674 scholia·

198 2726 256 2775 ates
280 2717 453 2790 optationem
484 2716 515 2772 iu
542 2712 597 2772 lroo
622 2715 686 2773 loco
708 2727 884 2776 commentus
906 2719 959 2792 sit,
986 2727 1129 2792 appareat.
1172 2715 1272 2776 Metro

196 2816 311 2893 quidem
332 2837 368 2876 an
389 2826 529 2892 repugnet
550 2810 632 2892 εἴθε,
654 2816 845 2894 dialtit03eed
864 2817 916 2878 hac
935 2819 973 2879 de
993 2839 1026 2878 re
1046 2830 1156 2893 postea.
1187 2817 1271 2889 Nunc

196 2920 431 2993 coniecturarum,
453 2939 573 2993 quarum
593 2920 677 2993 ‹purasi
696 2922 790 2979 moles
813 2923 967 2996 antiqmtus
987 2918 1062 2979 hunc
1075 2922 1173 2991 locum
1187 2941 1271 2996 pres·

195 3023 244 3097 ait,
267 3022 460 3079 nobilissimae
481 3019 553 3088 duae
574 3021 776 3080 exaruinaudae
797 3033 872 3082 sum.
915 3021 1020 3083 Altera
1041 3033 1087 3083 est
1100 3021 1271 3100 Hermaeum,

196 3123 245 3197 qui
278 3121 368 3181 edidit
398 3115 457 3180 ἴθ’
488 3144 540 3198 pro
570 3115 647 3196 εἴθ’,
678 3117 767 3182 ἕλωσι
795 3146 846 3199 pro
878 3127 1053 3183 conirmctivo
1083 3123 1270 3187 deliberativo

194 3221 301 3281 liabens
320 3234 506 3298 vertensque:
539 3245 611 3299 age,
634 3246 692 3298 per
715 3224 807 3284 ultum
828 3222 970 3284 (tardarem
983 3227 1118 3307 frrguces
1136 3225 1271 3291 ,stridere-

194 3323 271 3385 tidus
291 3329 374 3393 euris
391 3347 462 3385 uvea
482 3346 526 3383 me
550 3328 690 3398 cupium:
720 3349 779 3386 non
800 3327 928 3401 rurrpliuc
952 3325 1106 3402 prohibeo·
1149 3329 1184 3389 dn
1211 3349 1270 3405 qua

194 3412 351 3485 coniectura
369 3426 546 3487 desumendo
568 3425 724 3488 Wundero
750 3440 780 3488 et
799 3426 959 3488 Matthiaeo
977 3429 1179 3507 ,adstipulor3‚
1192 3453 1269 3506 quo-
1309 3443 1314 3450 ”

193 3548 259 3587 rum
273 3521 459 3609 'prior-hepo
478 3530 555 3588 viam
580 3530 694 3602 probari
714 3548 772 3588 nou
801 3549 887 3605 posse
916 3532 977 3608 ait,
1010 3531 1064 3591 aed
1092 3518 1268 3592 coniunctivi

193 3628 491 3713 deliberationemque
512 3631 644 3705 exempla
663 3651 704 3689 ex
724 3633 838 3707 tragicis
860 3633 895 3690 ab
916 3630 1064 3707 Elmsleio.
1089 3633 1127 3705 ad
1144 3631 1265 3693 Heracl.

194 3733 256 3794 559
278 3742 307 3792 et
327 3731 364 3809 ad
384 3729 466 3811 Med
492 3737 573 3791 1242
596 3731 683 3791 allata
703 3734 778 3808 sint,
800 3734 887 3808 louge
906 3735 992 3813 aliam
1012 3738 1071 3794 vim
1092 3756 1157 3797 esse
1178 3747 1265 3812 atque

191 3851 294 3908 rmum3
316 3831 479 3911 hicpautom
500 3833 536 3892 ad
556 3833 655 3895 locum,
669 3844 799 3919 noctuam
819 3836 849 3894 iu
865 3835 933 3895 edit.
952 3834 1044 3911 soph.
1065 3858 1095 3913 p.
1120 3844 1180 3903 335
1196 3840 1267 3899 talia

191 3944 307 3993 mouet:
337 3932 540 4010 „Hermauuus
567 3929 655 3993 ἕλωσι
675 3954 730 4010 pro
749 3938 927 4006 coniunctim
954 3938 1140 4017 deliberativo
1167 3937 1264 4017 habet,

190 4045 224 4094 ut
244 4029 337 4095 ἕλωσί
354 4057 392 4112 με
414 4030 568 4108 πτωκάδες
588 4036 793 4111 ἱδειῐημίθαῐ,
824 4037 899 4113 quod
922 4034 1037 4119 cipedo]
1059 4033 1119 4100 dud
1141 4035 1263 4100 πτωκά-

191 4133 263 4223 [clcuv.
305 4134 353 4195 Cf.
383 4135 422 4195 ad
451 4134 527 4195 Oed.
554 4135 622 4215 Colo
647 4142 717 4199 174.
762 4137 822 4215 Sed
851 4139 922 4199 haec
957 4141 1049 4200 forma
1077 4143 1118 4201 ibi
1153 4153 1265 4203 tautum

188 4238 285 4297 loctun
304 4236 408 4315 habet,
434 4239 485 4299 ubi
504 4240 609 4313 aliqm'a
631 4259 699 4331 rem?
713 4225 788 4301 fleri
799 4243 876 4317 cupit
898 4263 1018 4318 eamque
1035 4263 1088 4317 pro
1109 4263 1160 4302 aua
1177 4256 1263 4319 parte
