2678 4816
438 361 737 437 'A1Ax.
1095 324 1203 440 41Ι

67 570 148 637 paret
168 578 224 618 nou
246 580 326 632 csse,
351 581 402 618 eur
419 579 476 621 non
496 563 565 620 item
587 561 642 621 dici
662 564 784 638 potuerit
807 555 889 633 οὗτος
910 557 989 635 ὅςτις
1011 557 1066 624 oli:
1087 586 1138 624 ue·

65 664 143 738 gotio
165 664 242 720 enim
262 672 435 721 momentum
454 685 510 722 nou
531 663 623 721 allent.
674 662 808 738 Apparet
828 687 895 724 vero
917 668 1019 741 ctiam,
1050 676 1138 741 ‹pran-

65 774 127 822 tum
147 762 201 821 lrac
217 765 246 820 in
270 785 303 822 re
328 766 527 838 exscriptoris
549 765 664 823 arbitrio
681 765 856 839 pependerit.
899 766 973 826 Nam
988 771 1041 827 etsi
1059 770 1138 827 locu·-

65 868 161 924 tioncs
185 868 257 924 istae
282 885 334 940 per
348 885 381 924 se
395 876 479 939 atque
500 866 595 924 iudolc
618 884 670 925 sua
690 868 895 941 aliquantulum
917 869 1067 945 differunt,
1097 881 1139 928 ta·
1208 932 1209 935 ,

66 987 133 1026 men
155 970 312 1025 accuratius
334 986 433 1026 omnes
455 968 632 1027 corrscrrtirurt
653 970 682 1024 iu
704 971 835 1027 universa
857 973 971 1030 notione
993 972 1067 1046 alle,
1086 972 1137 1052 je·

66 1067 139 1141 der,
164 1090 248 1143 quam
268 1079 301 1126 ut
320 1090 376 1127 uon
401 1071 478 1144 optio
500 1072 668 1145 plerumque
690 1072 820 1144 scriptori
844 1071 908 1131 data
928 1073 1030 1146 srrcrit,
1053 1094 1138 1148 quam

65 1172 122 1231 sibi
146 1169 235 1229 vellet
258 1171 374 1246 eligere.
435 1169 483 1230 De
505 1176 631 1230 omnium
661 1184 781 1246 (promor
803 1173 964 1233 discrimine
992 1176 1138 1249 praeclare

65 1272 204 1345 explicuit
232 1270 412 1331 Hennannus
441 1273 477 1332 ad
504 1271 574 1331 Eur.
605 1271 686 1331 Med.
711 1276 785 1334 775.
843 1274 1023 1352 Quamquam
1052 1279 1136 1336 etiam

66 1375 226 1448 simplicius
244 1395 306 1433 rem
328 1375 512 1434 demonstrari
536 1395 620 1450 posse
641 1376 785 1434 existimo.
835 1374 899 1434 Hoc
930 1389 1031 1451 sponte
1051 1380 1136 1437 intel-

66 1475 186 1552 ligitur,
217 1476 369 1536 discrimen
397 1478 473 1535 illud
500 1481 586 1536 sitrnn
612 1498 669 1535 non
698 1497 763 1536 esse
793 1479 824 1536 iu
844 1479 961 1538 vocibus
984 1474 1080 1550 οὐδεὶς
1108 1490 1138 1540 et

68 1570 170 1652 οὔτις,
199 1579 267 1654 sed,
294 1582 370 1638 sicut
390 1580 520 1638 omuibus
541 1583 570 1638 in
590 1579 679 1655 locis,
712 1580 760 1637 ubi
781 1581 898 1639 relativa
919 1592 1078 1657 ponuntur,
1107 1585 1137 1641 iu

67 1682 197 1741 relativis
217 1684 305 1757 ipsis,
327 1702 379 1740 uec
401 1683 455 1741 sibi
476 1690 635 1754 constaret,
658 1682 706 1754 qui
729 1673 797 1740 οἶδά
816 1700 866 1756 οε,
890 1675 923 1754 ὃς
942 1675 968 1741 εἷ
986 1684 1137 1744 dicendmn

67 1803 132 1844 esse
154 1785 352 1859 contenderet,
383 1787 448 1859 ηιιῐο
469 1804 516 1843 res
535 1785 592 1841 iam
612 1784 710 1861 finita
730 1785 767 1840 sit
787 1786 883 1842 verbis
905 1775 973 1843 οἶδά
995 1806 1045 1862 οε,
1074 1808 1139 1844 ιιιι-

67 1906 119 1947 sus
138 1876 287 1945 dicendum
307 1905 370 1945 esse
388 1880 470 1956 οὔτις
490 1879 539 1961 ὃς,
572 1887 639 1960 quia
660 1886 809 1963 infinitum
829 1888 886 1945 iem
910 1888 977 1944 insit
1000 1889 1029 1944 in
1051 1889 1138 1947 verbo

68 1980 169 2063 οὔτις,
191 1998 220 2047 et
241 1989 421 2062 pleonasmus
441 1988 515 2046 foret
531 1981 615 2058 aduc
640 1978 738 2056 ὅςτιςι
768 2009 824 2046 non
846 1990 941 2046 miuus
959 1991 1035 2047 enim
1058 1991 1148 2064 pleo··

67 2110 184 2149 nasmus
201 2099 261 2147 tum
279 2100 355 2150 esset
374 2081 442 2149 olrici
459 2110 506 2162 σε,
533 2082 568 2159 ὃς
582 2081 614 2147 εἶ.
660 2085 777 2147 Certum
799 2100 843 2149 est
863 2083 897 2160 ὃς
920 2111 984 2149 esse
1001 2093 1136 2170 finitum,

68 2185 149 2261 ὅςτις
174 2193 334 2270 infinitum.
384 2190 485 2267 Neque
506 2192 633 2266 profecto
663 2211 721 2248 nou
742 2201 959 2250 cousentaneum
983 2203 1046 2268 est,
1075 2197 1138 2252 uui-

67 2313 152 2353 versa
180 2297 317 2352 sententia
337 2296 450 2373 finita,
472 2294 622 2352 relativum
652 2313 764 2367 (proque
793 2313 827 2351 eo
853 2295 996 2366 pertinens
1012 2294 1139 2373 finitam

68 2416 152 2471 esse,
175 2406 204 2455 et
224 2408 319 2455 contra
339 2398 470 2455 universa
491 2397 631 2455 sententia
648 2396 787 2472 infinito,
815 2398 845 2452 ιἰι
862 2399 964 2454 ruitum
988 2397 1139 2457 relativmn

66 2519 193 2573 quoque.
242 2496 304 2557 Sed
331 2510 470 2575 quatenns
499 2499 566 2556 talis
592 2499 728 2555 sententia
758 2499 872 2572 proprie
899 2518 916 2557 e
946 2499 1138 2573 pecrdieribus

67 2601 178 2660 duabus
200 2603 347 2660 sententiis
370 2610 494 2672 constat,
553 2619 598 2657 rae
620 2600 718 2658 ambae
744 2601 790 2658 sui
817 2609 882 2658 sunt
906 2601 979 2658 iuris
1002 2621 1035 2659 ac
1058 2602 1138 2660 iuxta

66 2723 101 2764 se
128 2705 250 2762 invicem
274 2705 378 2778 partim
400 2704 513 2781 finitae
534 2704 635 2777 partim
656 2703 793 2780 infinitae
814 2722 879 2761 esse
900 2713 1036 2776 possrmt,
1068 2723 1137 2762 usus

66 2806 122 2869 ille
152 2805 236 2864 valde
265 2815 309 2871 est
335 2805 487 2879 multiplex
515 2815 600 2880 etque
630 2824 682 2879 lter
708 2824 740 2863 se
767 2804 882 2878 quidem
904 2815 1024 2879 quatuor
1044 2805 1138 2864 modis

66 2911 173 2968 mutari
195 2917 305 2983 potest:
336 2902 500 2976 οὐδεὶς-
526 2899 577 2981 ὃς,
607 2901 705 2976 οὐδεὶς
726 2936 768 2950 -
795 2900 889 2983 decre,
920 2899 1003 2979 οὔτις
1029 2943 1068 2953 -
1093 2901 1137 2983 ὃς,

67 3001 153 3080 οὗτος
177 3044 215 3055 -
246 3001 334 3080 ὅςτις.
386 3008 436 3070 Sic
463 3008 535 3067 illud
559 3005 669 3067 Aesch.
695 3005 780 3065 Eum.
807 3016 885 3083 736,
921 3002 1021 3087 μήτηρ
1056 3002 1139 3080 odere

67 3109 149 3172 ἐστὶν
163 3102 183 3188 ή
199 3105 238 3187 μ’
257 3108 386 3190 ἐγείνατο
403 3114 518 3186 proprie
540 3122 598 3169 est:
622 3113 700 3184 scio,
722 3112 786 3188 quis
799 3131 843 3168 me
863 3114 1014 3185 genuerit:
1036 3111 1138 3190 aliqua

66 3227 163 3273 mmet·
176 3235 238 3272 ιιοιι
253 3227 304 3272 est.
348 3210 471 3288 Contra,
493 3226 525 3271 ut
546 3222 655 3271 teneam
675 3211 729 3270 hoc
750 3213 935 3288 exemplum,
956 3204 1056 3291 μήτηρ
1083 3205 1138 3270 oii-

67 3337 116 3387 τις
137 3313 217 3376 zotto
239 3305 306 3394 ήτις
329 3309 369 3391 μ’
393 3312 522 3394 ἐγείνατο
550 3323 643 3373 esset:
672 3317 782 3388 nescio,
817 3318 882 3393 quis
910 3337 954 3373 me
984 3317 1138 3389 gerundis

68 3417 122 3479 sed
143 3418 246 3498 aliquo
272 3431 513 3476 antiomenon.
562 3414 652 3475 Porro
676 3409 776 3495 μήτηρ
799 3412 924 3494 οὐδεμία
947 3414 1026 3476 ἐστὶν
1051 3410 1071 3494 ἥ
1094 3409 1135 3491 μ’

69 3516 201 3599 ἐγείνατο
221 3521 336 3595 proprie
358 3529 448 3578 esset:
469 3521 529 3578 scio
551 3523 616 3598 quis
636 3541 680 3577 me
698 3523 851 3594 genuerit:
874 3518 1013 3578 nullaest
1034 3532 1136 3592 mater,

68 3631 98 3681 ct
117 3614 219 3701 μήτηρ
238 3616 363 3697 οὐδεμία
381 3619 460 3680 ἐστὶν
475 3613 597 3700 ήττς,μ’
615 3619 766 3700 ἔγείνοτοι
792 3625 904 3696 neseio,
934 3623 999 3699 quis
1021 3642 1067 3678 me
1085 3642 1137 3695 ge-

68 3726 185 3784 nuerit:
207 3720 258 3783 sed
278 3724 362 3782 nullu
388 3736 481 3783 mater
502 3739 554 3783 est.
603 3721 783 3802 Quamquam
809 3723 863 3782 hoc
891 3731 980 3780 totum
1012 3717 1138 3798 οὐδεμία

67 3817 170 3906 μήτηρ
190 3822 270 3886 ἐστὶν
291 3837 368 3886 recte
380 3825 562 3886 Hermannus
583 3826 651 3884 dicit
671 3846 722 3901 per
743 3846 774 3884 se
795 3825 921 3898 ineptum
942 3824 1014 3883 fore.
1057 3821 1138 3882 Vide

68 3929 192 3987 eundem
211 3930 234 3987 l.
257 3949 282 3987 c.
303 3930 388 4004 plane
417 3937 502 4004 atque
522 3929 670 4004 insigniter
690 3927 878 4002 explicantem
898 3927 994 3984 locum
1014 3924 1137 3984 Luciani

68 4032 99 4087 in
118 4029 200 4088 Dial.
224 4029 303 4090 deor.
325 4033 365 4089 in.
388 4039 423 4106 1,
452 4051 489 4090 ex
517 4052 574 4105 quo
602 4029 743 4088 distinctio
772 4030 827 4086 ista
848 4028 932 4086 etiam
953 4028 1068 4086 facilius
1089 4047 1137 4084 co-

67 4135 223 4207 gnoscitur.
275 4130 337 4191 Iam
357 4153 425 4192 vero
445 4151 530 4207 saepe
550 4152 568 4189 a
588 4131 732 4191 voluntate
753 4131 897 4204 scriptoris
918 4129 1037 4205 pendet,
1066 4150 1137 4202 quo·

67 4233 151 4293 modo
179 4215 350 4294 senteutiam
379 4236 504 4310 aliquam
533 4234 692 4310 exprimere
719 4233 788 4295 velit
795 4249 805 4304 3
842 4249 928 4307 saepe
957 4252 1026 4293 vero
1050 4231 1136 4289 etiarn
