2678 4816
474 342 854 435 nnnroonn
976 362 1056 447 *2

402 606 405 611 ⁴
642 646 651 663 .
674 608 706 667 4·

213 703 257 767 v.
279 712 353 767 rra.
504 676 508 681 ’
610 604 639 691 ‘§
669 729 672 735 ·

301 802 416 886 Ἔρως,
438 799 474 880 ὃς
495 802 527 867 ἓν
548 798 680 886 κτήμασι
702 805 817 882 πίπτεις
838 844 876 856 -

125 940 235 1005 Nullus
254 945 374 1005 forsitan
392 946 551 1004 recentiore
572 954 701 1019 tempore
720 967 738 1005 a
757 948 827 1005 viris
849 947 939 1006 doctis
959 949 1052 1024 magis
1072 959 1207 1014 tractatus

126 1055 157 1106 et
175 1047 367 1107 conclamatum
387 1049 470 1107 locus
491 1058 555 1120 est,
588 1068 673 1124 quam
694 1046 774 1108 hicce
795 1047 979 1126 Antigonae,
1011 1052 1108 1110 nullus
1137 1075 1206 1113 vero

125 1151 212 1209 etiam
243 1151 336 1227 magis
365 1152 427 1211 sine
456 1151 533 1209 omni
558 1151 726 1211 necessitate
757 1173 791 1211 ac
810 1173 900 1228 paene
921 1154 1087 1231 pueriliter,
1121 1177 1206 1231 quam
1337 1157 1339 1164 '

108 1252 213 1321 idern.
259 1251 319 1330 Qui
340 1255 416 1312 euim
436 1253 508 1312 alias
529 1253 605 1328 apud
623 1250 749 1314 Graecos
769 1254 857 1314 hodie
877 1275 914 1313 ne
931 1256 1074 1315 observari
1089 1259 1205 1332 quidem

125 1356 201 1417 solet
219 1356 356 1431 loquendi
376 1356 497 1432 modus,
527 1355 583 1415 hoc
609 1356 684 1415 forto
710 1357 776 1417 loco
805 1367 951 1432 tantopere
972 1361 1045 1417 uren
1066 1362 1205 1435 interpre-

124 1467 188 1534 tes,
208 1468 242 1518 ut
261 1461 357 1517 animo
378 1479 468 1534 paene
490 1467 747 1518 consternarentur.
800 1457 996 1519 Gravissimum
1023 1461 1081 1519 loci
1107 1474 1202 1536 patr'c·
1262 1514 1276 1539 ,

125 1530 384 1623 ‘wicmannus
403 1562 532 1638 exstitit,
563 1562 613 1636 qui
627 1562 670 1633 -in
688 1563 848 1620 novissima
869 1560 992 1622 editione
1013 1562 1100 1621 huius
1120 1565 1202 1623 sabu-
1236 1612 1239 1617 .

124 1665 177 1725 lae'
198 1662 305 1737 [Praei.
327 1684 355 1738 p.
373 1659 513 1723 XXVII.
537 1672 566 1722 et
587 1662 741 1737 adipsum
761 1671 888 1737 varstan]
912 1675 970 1723 tam
997 1667 1143 1740 praeclare
1165 1666 1202 1726 de
1226 1648 1230 1659 ⁴

125 1787 160 1829 en
190 1767 343 1842 disseruit,
370 1776 405 1824 ut
431 1784 522 1840 pauca
550 1774 658 1823 tantum
687 1765 809 1840 amplius
839 1766 979 1826 mouenda
1007 1768 1107 1828 relicta
1133 1770 1201 1828 sint.

123 1866 163 1928 Et
183 1869 299 1943 quidem
320 1868 430 1942 optimo
446 1869 509 1926 iure
526 1863 586 1926 Vir
608 1863 822 1926 Celeberrimos
842 1889 899 1926 non
928 1869 1082 1929 credidisse
1110 1890 1142 1929 se
1161 1873 1202 1929 ait

124 1991 297 2047 qne-quam
324 1969 397 2028 adeo
428 1980 477 2028 ant
513 1970 694 2029 invenustum
715 1979 765 2029 aut
793 1970 905 2030 dicendi
932 1991 1003 2030 usus
1027 1974 1202 2031 incuriosum

123 2094 207 2150 csse,
235 2083 269 2133 ut
282 2072 335 2131 vad
365 2069 507 2130 Brunckii
530 2093 643 2147 pacoro
673 2071 851 2131 redeundum
878 2083 1000 2148 putaret.
1044 2071 1104 2133 sic
1124 2076 1201 2133 enim

122 2176 254 2252 plerique
274 2167 414 2252 κτήματα
433 2175 664 2248 interpretantur.
717 2173 791 2233 Nam
820 2177 943 2250 primum
973 2187 1003 2236 ct
1027 2177 1201 2251 perabsurde
1226 2202 1244 2241 τι

123 2288 219 2354 esset,
239 2297 255 2335 a
276 2280 359 2352 polita
380 2281 566 2354 praesertim,
592 2277 716 2352 factum,
747 2279 773 2336 si
793 2275 935 2337 Amorem
963 2299 1066 2338 canens
1087 2299 1199 2354 coruum,
1287 2323 1289 2328 .

123 2383 172 2456 opti
192 2382 223 2441 vi
244 2381 306 2439 eius
327 2382 539 2456 opprimantur,
561 2383 655 2455 primo
677 2381 707 2439 in
727 2381 793 2440 loco
815 2378 1011 2440 collocariss'et
1032 2400 1146 2457 pecora,
1170 2389 1200 2439 et

122 2503 191 2545 vero
212 2485 300 2542 etiam
319 2503 421 2557 parum
441 2483 548 2541 urbane
569 2480 790 2558 eleganterque,
822 2485 848 2542 si
878 2504 942 2542 cum
971 2483 1120 2557 pecoribus
1141 2483 1199 2540 vir·
1256 2532 1263 2547 ,.

123 2589 223 2664 gisum
245 2604 334 2667 genas
355 2587 584 2645 consociarisset.
633 2583 735 2644 Talem
757 2581 921 2660 Sophocleo
948 2587 1062 2662 ingenio
1082 2584 1200 2643 insulsi·

124 2698 212 2748 tatem
233 2707 318 2745 nemo
339 2689 452 2765 venusti
472 2687 617 2747 studiosus
638 2689 828 2761 imputaverit.
871 2686 984 2746 Deinde
1001 2678 1140 2764 κτήματα
1161 2706 1199 2745 ne

122 2788 284 2868 significan
304 2789 419 2863 quidem
440 2809 564 2863 unquam
584 2791 717 2849 absolute
732 2812 863 2865 pacoro,
883 2789 935 2848 sed
955 2791 996 2848 ita
1016 2798 1145 2864 tantum,
1166 2797 1200 2846 ut

122 2895 177 2952 sint
198 2892 315 2950 omuino
334 2888 473 2965 diuitiae,
503 2891 539 2950 ad
566 2912 637 2965 qttas
656 2893 791 2951 nimirum
812 2913 932 2968 gregum
953 2878 1199 2965 quoque'posses·

121 2996 164 3055 sio
184 2996 319 3071 pertinet.
368 2991 435 3053 Hoc
452 3003 514 3069 est,
544 3014 594 3053 cur
620 2996 813 3069 interpretatio
842 2997 898 3053 ista
926 2992 1038 3052 dicendi
1058 3012 1129 3051 usus
1150 2993 1198 3050 in·

121 3099 265 3157 curiosum
285 3093 395 3170 prodat.
450 3093 527 3173 Sed,
556 3082 670 3157 omissis
693 3096 740 3158 his
768 3097 918 3173 omuibus,
941 3095 986 3154 de
1014 3096 1114 3154 bestiis
1142 3092 1210 3177 hocs

120 3199 182 3259 loco
202 3201 326 3275 cogitari
347 3219 404 3257 non
424 3219 510 3273 posse
531 3199 599 3258 inde
619 3201 774 3276 colligitur,
797 3200 873 3276 quod
894 3199 1009 3258 eaedem
1027 3196 1113 3271 paulo
1131 3205 1197 3271 post

120 3322 164 3365 w.
183 3308 269 3376 781,
290 3307 353 3362 782
376 3320 429 3361 sco
450 3301 567 3377 quidem
587 3303 652 3362 loco
670 3311 933 3362 commemorantur.
977 3297 1076 3373 ltaque
1093 3319 1196 3373 perpe·

120 3424 179 3464 ram
203 3414 270 3481 post
289 3401 468 3462 Brunckium
485 3406 561 3463 iuter
582 3408 655 3465 alios
676 3403 873 3479 Welckerus,
902 3400 1061 3479 Solgeuts,
1095 3399 1196 3477 Tudy·

121 3504 205 3565 dum
225 3506 263 3565 de
280 3484 336 3565 lioc
355 3507 421 3565 loco
441 3515 615 3582 statuerunt,
647 3527 753 3582 eosque
782 3507 858 3564 male
886 3505 1014 3565 laudarit
1035 3501 1196 3562 censorin

120 3607 195 3686 ato.
217 3605 442 3685 &mutacione
465 3608 566 3687 3ctpnt.
589 3609 677 3688 spctt,
700 3607 763 3670 ou.
784 3615 877 3670 1829.
937 3604 1059 3681 Propius
1087 3605 1125 3664 ad
1146 3626 1196 3675 ve÷

257 3723 437 3771 accessarsmt
451 3709 620 3772 Husclrleius
645 3711 747 3783 [Aual.
771 3707 841 3768 crit.
864 3730 894 3783 p.
910 3709 963 3786 49]
985 3718 1014 3767 et
1031 3706 1196 3767 Erfirrdtius

121 3710 257 3886 mlo.
278 3814 347 3874 mai.
369 3809 492 3888 Soph.],
524 3815 609 3874 modo
639 3834 676 3873 ue
702 3814 738 3872 de
766 3812 884 3871 adverso
912 3831 1008 3868 smore
1036 3811 1196 3869 intellexis-

122 3925 201 3988 sent,
224 3915 304 3990 quod
324 3915 360 3973 de
382 3917 515 3974 universo
536 3915 749 3990 intelligendum
771 3924 841 3973 erat.
885 3911 965 3972 Nihil
986 3914 1061 3970 enim
1082 3911 1196 3985 simpli-

123 4018 179 4076 cius
201 4028 265 4091 est,
288 4037 373 4092 quam
394 4019 565 4076 abstractum
587 4040 639 4092 pro
661 4027 790 4076 concreto
812 4014 842 4073 h.
854 4016 886 4111 ι1.
909 4017 1031 4201 pappum
1054 4035 1118 4073 esse
1140 4035 1194 4071 ex·

123 4119 247 4177 istirnars
267 4129 297 4179 et
318 4111 458 4197 κτήματα
478 4122 658 4194 interpretari
676 4117 788 4177 divites.
831 4113 897 4176 Hoc
929 4126 933 4133 '
1000 4117 1026 4173 ie
1046 4116 1195 4174 coufirma-

124 4229 165 4282 tur
183 4222 251 4284 loco
271 4219 415 4298 Propertii
430 4220 462 4300 l,
486 4226 547 4300 14,
571 4229 608 4285 15
625 4217 690 4297 sqq.
712 4239 799 4298 quem
819 4218 903 4278 affert
924 4216 1109 4280 Huschkius:
