2678 4816
89 1202 191 1305 Linea
202 1226 223 1266 o
242 1205 394 1285 significat
404 1227 519 1266 murrum
539 1188 670 1285 Barcaei,
690 1188 767 1270 linea
789 1209 807 1270 b
828 1209 979 1272 Aenianis.

63 1388 96 1425 ..
143 1296 220 1368 V.
233 1316 295 1370 719
312 1329 356 1384 sq.
388 1307 497 1388 eraeri
517 1319 633 1386 posset,
654 1313 813 1372 cuiusmodi
831 1315 918 1373 luerit
938 1311 1051 1372 tandem
1080 1334 1165 1392 oqroe-

76 1380 162 1472 ‘olas
182 1415 237 1472 ista
253 1410 388 1488 procella
412 1403 543 1482 [κλύδων
565 1405 719 1493 ἔᾝφιπνιος]
750 1427 783 1473 ut
805 1411 962 1491 Sophocles
990 1429 1079 1474 totum
1099 1413 1164 1489 hip-

92 1513 254 1590 podromon
284 1535 318 1573 ea
338 1513 487 1588 impletum
508 1514 608 1573 lecerit
641 1526 671 1574 et
693 1526 792 1576 tamen
818 1518 899 1576 brevi
919 1526 984 1591 post
1004 1513 1165 1576 Athenien·

91 1635 153 1676 sem
173 1613 435 1691 praetervehentem
454 1635 527 1674 eam.
569 1613 643 1675 Nam
663 1617 739 1677 unde
759 1621 882 1694 spatium
902 1619 1163 1693 praeteruectionis,

92 1719 118 1777 si
139 1718 241 1793 plenus
261 1717 317 1775 fnit
337 1726 413 1775 totns
434 1714 657 1792 hippodromos?
678 1717 818 1794 Equidem
840 1718 910 1779 mihi
927 1741 989 1780 rem
1009 1723 1049 1779 ita
1070 1720 1164 1778 inimo

91 1818 211 1895 cffirrgo.
251 1815 377 1878 Videtur
397 1816 537 1878 Aenianis
558 1819 649 1896 illius,
671 1830 756 1897 onem
774 1826 859 1900 poita
878 1831 1031 1882 certantem
1044 1794 1195 1897 induoit,b
1245 1818 1253 1831 '

55 1917 57 1933 '
91 1923 175 1980 tertia
194 1922 256 1980 sere
276 1906 409 1996 quartave
431 1923 515 1980 statio
537 1941 553 1979 a
573 1924 687 1982 sinistra
707 1926 815 2001 furiose,
845 1926 917 1987 siout
937 1920 1058 1983 Barcaei
1080 1924 1174 1983 tertiat

90 2022 153 2082 iere
175 2034 308 2098 quartave
327 2040 347 2091 a
367 2023 476 2081 dorma.
525 2019 588 2091 Iam
609 2045 697 2098 quum
712 2024 828 2085 Aenian
847 2028 878 2084 in
897 2023 1057 2085 Barcaeum
1078 2018 1163 2084 cu'r'ru

91 2125 277 2201 impingeret,
308 2126 468 2209 necessario
489 2123 519 2181 id
537 2127 677 2202 spatium,
707 2127 791 2207 qnod¹
810 2129 885 2186 inter
911 2137 1063 2202 utrumque
1083 2138 1164 2202 pate·

91 2227 141 2286 bat
168 2237 197 2286 et
224 2226 301 2303 qnod
327 2225 455 2285 medium
475 2227 569 2300 ipsum
589 2208 769 2302 hippodromi
790 2230 1043 2304 complecteretur,
1072 2228 1163 2286 ruinis

91 2331 281 2406 implebatur,
309 2339 395 2404 atquo
411 2326 470 2403 vlrio
489 2329 516 2388 si
544 2331 608 2402 quis
636 2332 686 2389 vel
705 2319 913 2406 imprudentior
931 2331 982 2390 vel
1002 2331 1089 2387 nimio
1109 2330 1164 2386 im-

91 2442 161 2508 petu
187 2432 264 2490 latus
293 2449 382 2505 equos
402 2424 461 2489 non
488 2429 654 2506 cohibebat,
682 2433 910 2508 perfungebatur
928 2429 1076 2513 fluctibus
1102 2431 1164 2490 illis

90 2531 279 2614 equestribus.
330 2529 371 2590 Hi
391 2542 471 2607 sunt,
503 2553 575 2608 quos
597 2528 755 2607 Sophocles
778 2534 853 2593 dicat
874 2525 1008 2592 κλύδων’
1032 2527 1163 2614 {pannon

10 2670 35 2727 ,-
92 2632 124 2696 ἓν
146 2631 230 2717 μέσῳ
251 2625 432 2710 κυκώμενον.
483 2630 586 2692 Contra
614 2636 649 2693 ab
678 2645 799 2712 iitroque
824 2637 915 2695 latere
936 2634 1059 2709 spatium
1079 2636 1164 2693 inane

91 2736 212 2797 duorum
233 2737 294 2795 sere
315 2755 445 2794 crrrrmrm
467 2735 598 2822 relictum
618 2747 688 2797 erat.
712 2732 714 2737 ’
732 2737 793 2818 Qui
814 2739 901 2815 igitur
921 2747 1019 2796 cautus
1047 2757 1079 2794 ac
1097 2757 1164 2811 pro·

90 2839 176 2900 vidui
196 2839 246 2897 vel
271 2839 356 2896 etiam
383 2837 497 2912 longius
519 2836 610 2897 adhuc
630 2849 756 2898 remotus
776 2806 872 2915 equod
886 2841 916 2897 in
936 2849 1064 2913 tempore
1085 2832 1164 2896 cohi-

90 2943 193 3019 bebat,
229 2920 324 3000 faciless
333 2932 445 3014 poterit
461 2938 596 2999 altemtia
626 2951 706 3016 parte
732 2940 914 3017 hippodromi
944 2939 1163 3017 praetervehens

91 3044 270 3120 naufragium
296 3041 433 3118 effingere.
486 3038 588 3116 Atque
615 3044 658 3102 sio
684 3044 753 3102 fecit
773 3041 976 3117 Atheniensis,
1002 3062 1087 3117 quem
1109 3039 1165 3100 So·

91 3144 211 3224 phocles
238 3155 387 3220 propterea
417 3137 514 3202 δεινὸν
541 3133 745 3226 ἧνιοστρόφον
767 3146 903 3221 appellat.
955 3141 1077 3203 Orestes
1098 3145 1164 3219 qui·

91 3247 159 3308 dem
181 3250 301 3307 datione
322 3249 380 3305 iam
402 3267 453 3305 sua
471 3253 548 3304 tutus
568 3247 632 3305 fuit.
686 3245 782 3327 Quem
802 3247 900 3320 spinae
921 3255 952 3304 et
970 3254 1064 3304 metae
1086 3255 1164 3305 sorte

91 3352 222 3428 proxime
243 3359 353 3409 vectum
377 3368 516 3408 essenon
538 3348 622 3408 modo
644 3369 660 3408 a
682 3357 767 3409 versu
785 3354 849 3410 710
864 3335 990 3422 apparet,
1012 3346 1172 3416 sedetiam

91 3451 230 3513 hocloco
250 3452 375 3510 maxime
396 3450 589 3509 confirmatur.
631 3448 695 3509 Nisi
714 3452 791 3508 enim
811 3470 828 3507 a
848 3449 938 3508 latera
960 3459 1057 3509 vectus
1077 3459 1164 3526 esset,

90 3545 142 3615 ‘aut
161 3557 294 3630 periisset
314 3574 378 3611 cum
399 3553 484 3628 aliis,
517 3562 564 3611 aut
587 3547 747 3626 Sophocles
767 3553 860 3627 ipsum
879 3552 991 3627 potius,
1013 3552 1063 3625 qui
1089 3562 1167 3611 esset

93 3659 227 3734 princeps
249 3656 422 3733 tragoediae,
443 3655 481 3714 de
500 3655 595 3714 medio
616 3654 803 3714 declinatione
819 3653 951 3727 dixisset,
973 3672 1058 3727 quam
1070 3650 1166 3711 Athess

90 3762 230 3834 iriensem,
252 3779 336 3834 quem
354 3759 495 3816 nominari
512 3756 586 3815 nihil
606 3758 749 3814 intererat.
792 3752 904 3814 Horum
926 3764 1166 3829 quumneutrum

91 3863 198 3922 sactum
218 3863 276 3938 sit,
306 3862 436 3936 sequitur
462 3858 507 3917 illi
532 3857 604 3918 hano
624 3861 654 3917 in
675 3859 829 3917 certamino
850 3859 906 3915 isto
928 3857 1079 3915 stationem
1098 3876 1166 3914 con-

92 3967 213 4042 tigisse,
243 3973 275 4021 ut
305 3962 493 4022 declinatione
524 3982 581 4019 non
613 3981 684 4036 opus
714 3969 799 4019 esset.
854 3956 950 4038 Quam
978 3959 1167 4016 stationeme

91 4086 179 4127 versu
201 4071 263 4126 710
284 4066 453 4142 intelligitur
472 4064 562 4123 fuisse
582 4042 741 4139 proximam
762 4069 855 4120 metae
864 4105 873 4134 ,
895 4058 952 4118 hoc
972 4069 1026 4135 est,
1047 4061 1168 4134 primam

94 4170 230 4228 omnium.
274 4165 336 4226 Iam
356 4169 443 4227 etiam
468 4165 616 4242 ridemus,
646 4184 782 4240 quorsum
802 4165 885 4237 poe'ta
911 4161 1016 4220 dixerit
1036 4160 1110 4218 πᾶν
1132 4154 1165 4218 d'

96 4267 265 4351 ἐπίμπλατο
286 4267 435 4352 ναυαγίων
457 4263 559 4329 πέδον.
610 4265 734 4329 Parvum
761 4266 838 4325 enim
865 4263 901 4324 ab
928 4272 1049 4338 utroque
1076 4260 1168 4320 latere
