2678 4816
94 3694 99 3815 ἰ

490 370 867 435 ANTIGONA.
1175 370 1218 440 ll

146 562 248 621 bulum
267 561 302 620 ab
323 560 475 636 adverbi03
498 581 568 636 nec,
590 561 685 637 credo,
706 562 736 619 in
756 561 821 633 πῶς
833 582 872 641 ’γε
893 564 1044 639 quisquam
1057 567 1216 641 quaereret,

145 676 243 722 utrum
262 661 333 722 haec
353 665 442 722 etiam
463 663 531 720 alibi
553 665 594 721 sic
614 665 707 721 iuncta
730 665 939 738 reperirentur,
971 664 1040 739 sed,
1070 676 1218 744 utrum'ye

146 767 261 824 omnino
282 767 323 824 ita
343 765 475 839 usrupari
496 765 612 824 soleret.
662 761 806 824 Videmus
837 765 900 836 πῶς
925 786 955 826 τι
984 766 1060 824 omui
1078 786 1116 825 ex
1136 775 1218 841 parte

144 876 237 924 tutum
258 886 333 928 esse.
377 865 476 942 Atque
496 865 551 925 boe
571 867 775 926 restituendum
797 877 866 942 puto
885 869 916 926 in
936 869 1000 927 loco
1021 864 1141 943 Timaei,
1161 865 1217 928 So-

144 968 258 1044 phistae
279 979 309 1028 et
328 966 416 1028 lonis.
461 967 495 1027 lu
515 967 622 1043 Hippia
642 970 750 1026 maiore
770 971 853 1044 iero,
882 970 932 1028 ubi
955 978 1047 1029 totum
1068 970 1133 1040 πῶς
1151 991 1217 1046 per-

144 1070 302 1129 absurdum
329 1080 393 1145 est,
424 1071 592 1129 facillimum
620 1079 650 1128 et
677 1071 854 1144 aptissimum
879 1070 949 1129 mihi
977 1072 1108 1148 videtur,
1138 1072 1216 1149 quod

145 1175 268 1232 coniecit
287 1170 473 1250 Sydenbam:
495 1166 592 1251 πρὸς
609 1168 640 1228 τί
659 1165 718 1251 γὰρ
741 1164 779 1230 ἂν
802 1167 1043 1250 ἀγωνιζοίμεθα,
1065 1175 1121 1232 nisi
1140 1173 1217 1250 (prod

144 1285 254 1334 temere
274 1268 333 1354 γὰρ
354 1296 405 1350 pro
427 1267 493 1353 ἄρ’.
537 1271 591 1332 Est
610 1270 666 1332 hoc
687 1268 763 1352 πρὸς
782 1270 815 1332 τί
833 1277 907 1333 mori
925 1272 1051 1334 Platonis
1069 1274 1153 1334 valde
1170 1294 1216 1335 ae·

144 1377 352 1437 commodatum
383 1386 413 1436 et
439 1375 525 1433 facile
552 1377 644 1449 potnit
674 1396 726 1450 per
746 1375 964 1450 imprudentiam
984 1378 1165 1436 librariorum
1185 1379 1217 1436 in
1276 1392 1279 1399 ’

145 1480 211 1550 πῶς
232 1476 265 1538 τί
284 1479 435 1552 corrumpi.
478 1474 579 1535 Restat
598 1477 678 1535 locus
699 1474 827 1536 Platonis
848 1480 879 1536 in
897 1477 1036 1554 Philebo,
1058 1500 1088 1554 p.
1107 1486 1158 1556 58,
1172 1477 1216 1556 A,

145 1582 213 1657 ubi,
234 1583 349 1640 inverso
371 1580 488 1653 ordine,
509 1580 634 1655 legitur:
657 1574 695 1639 od
718 1574 752 1637 de*
772 1576 805 1639 τί
824 1580 889 1650 πῶς
909 1578 1073 1660 διακρίνοις
1095 1573 1151 1658 ibe·
1181 1579 1217 1640 In

144 1685 303 1743 recentiore
331 1683 454 1742 editione
482 1679 664 1740 Stallbaumii
691 1693 743 1756 pro
774 1683 811 1740 iis
832 1683 969 1756 scriptum
990 1691 1035 1741 est
1054 1677 1092 1742 ori
1115 1679 1148 1742 δὲ
1170 1678 1217 1762 δὴ

134 1784 212 1861 ’πῶς
230 1785 349 1844 τοῦτο
373 1780 538 1863 ὃιακρίνοις
556 1775 612 1858 r'iv,
639 1782 716 1857 qnod
734 1803 791 1857 qua
811 1786 977 1843 auctoritate
997 1787 1115 1860 nitatur,
1146 1806 1218 1844 non-

145 1886 216 1947 dum
232 1889 312 1963 potui
333 1889 520 1963 investigare3
552 1894 628 1944 certe
656 1904 695 1943 ex
721 1886 797 1943 notis
825 1888 930 1945 criticis
953 1883 1089 1946 Belleri
1105 1887 1218 1948 codices

146 2010 248 2048 omnes
272 1991 450 2048 consentirmt
469 1997 582 2063 praeter
602 2007 690 2045 unum
710 1985 754 2061 Σ,
782 1988 832 2061 qui
858 1986 944 2047 habet
972 1982 1009 2048 ud
1040 1986 1074 2048 da*
1094 1986 1126 2048 el
1151 1986 1217 2048 καὶ

146 2092 222 2162 πῶς.
270 2088 312 2148 Τι’
315 2137 324 2166 ,
347 2091 411 2161 πῶς
431 2110 483 2165 per
503 2110 535 2148 se
556 2111 613 2148 non
632 2091 726 2146 minus
747 2087 803 2146 dici
824 2109 927 2164 posse,
958 2110 1043 2165 qaram
1073 2091 1156 2166 πῶς,
1187 2086 1220 2151 τί

146 2197 406 2271 perspicuumst,
425 2212 595 2267 ortamquam
616 2189 784 2265 subdubito,
807 2210 842 2248 an
863 2192 952 2264 probe
974 2191 1084 2250 dicatm
1101 2187 1217 2272 decupl-

147 2319 208 2358 νειν
228 2319 258 2357 τι
277 2317 330 2371 pro
352 2316 409 2355 τινι
430 2287 544 2375 τρόπῳ.
597 2290 662 2351 Ηοο
683 2300 792 2349 certum
812 2301 875 2369 est,
903 2294 929 2351 si
952 2293 1031 2368 πῶς,
1060 2290 1092 2352 τί
1113 2315 1130 2352 a
1151 2315 1218 2353 con·
1312 2342 1316 2349 .

147 2401 298 2464 metudine
319 2395 446 2456 Platonis
467 2394 633 2471 abhorreat,
660 2394 751 2452 multo
779 2382 871 2470 magis
900 2392 1052 2453 abhorrere
1073 2391 1118 2469 τί,
1141 2395 1217 2472 πῶς,

148 2503 224 2580 qrrod
244 2504 326 2562 unico
346 2498 401 2558 ltoc
421 2499 485 2557 loco
506 2498 621 2574 legitur.
676 2489 774 2575 Quare
802 2497 844 2554 sic
872 2496 1101 2573 distinguendum
1131 2507 1216 2572 putor
1231 2566 1253 2587 Ψ

148 2600 186 2666 ori
210 2602 244 2663 de*
270 2601 316 2681 τίς
345 2602 410 2672 πῶς
438 2595 603 2678 ὄιακρίνοις
629 2591 684 2674 ἄις
712 2596 766 2656 Est
793 2595 848 2656 boc
878 2599 1056 2672 aptissimum
1076 2620 1109 2658 aa
1126 2620 1218 2674 paene

147 2707 358 2778 necessarium,
388 2705 456 2778 quia
477 2698 609 2760 Socrates
636 2721 653 2758 a
681 2720 713 2760 se
742 2701 805 2775 ipso
833 2699 870 2758 ad
896 2696 1079 2759 Protarchum
1106 2703 1218 2779 transit,
1258 2751 1260 2756 .

149 2820 233 2886 atque
260 2809 290 2866 in
316 2805 526 2866 transitionibus
552 2797 606 2862 lroc
625 2822 689 2862 esse
710 2803 837 2862 solemne
857 2801 991 2877 loquendi
1013 2822 1105 2878 genus
1127 2799 1219 2862 Grae·

149 2932 248 2972 corum
268 2916 385 2968 constat.
436 2903 588 2964 caeterum
617 2904 815 2964 attendendum
843 2914 887 2962 est
908 2903 944 2962 ad
971 2906 1127 2978 optativum
1150 2902 1220 2964 deot-

149 3011 265 3094 κρίνοις
286 3004 342 3087 ἂν,
370 3010 419 3084 qui
439 3009 551 3082 penitus
571 3007 725 3081 respondet
749 3006 919 3082 indicativo,
947 3005 1058 3065 adiecto
1084 3007 1219 3066 adverbio

151 3136 191 3176 τι.
230 3098 325 3196 Quod
346 3113 420 3171 enim
442 3109 503 3168 dixi
524 3108 685 3185 significare
704 3107 759 3167 hoc
779 3130 807 3167 τι
817 3106 905 3185 wohl,
927 3123 1013 3183 awa,
1034 3128 1128 3183 neque
1142 3118 1222 3183 opta-

149 3220 208 3278 tivo
231 3214 310 3274 aliud
331 3213 483 3288 quidquam
504 3209 691 3287 significatur,
712 3212 752 3269 ita
771 3221 804 3269 ut
822 3208 906 3270 Plato
927 3209 1029 3269 eodem
1043 3211 1106 3268 inre
1123 3209 1221 3269 dicere

149 3321 291 3396 potuisset
320 3316 385 3386 πῶς
413 3334 441 3372 τι
470 3310 645 3392 διακρίνεις
683 3310 738 3371 Est
768 3311 823 3371 hoc
849 3333 953 3371 norum
982 3311 1154 3386 praesidimn
1183 3311 1220 3370 ad

150 3416 401 3483 commendandam
422 3417 589 3489 scripturam
609 3413 674 3484 πῶς
695 3435 740 3488 τι,
770 3416 938 3489 praesertim
966 3434 1053 3488 quum
1079 3415 1219 3488 optativus

151 3524 180 3583 in
199 3523 306 3582 talibus
325 3518 591 3594 interrogationibus
612 3517 698 3576 etiam
717 3515 786 3575 alibi
804 3514 952 3576 aPlatone
972 3516 1176 3592 frequentetur.

647 3723 676 3800 §-
698 3729 730 3784 2.

236 3822 281 3886 V.
304 3828 366 3886 349
382 3845 446 3902 sqq.

711 3917 892 4004 λασιαύχενά
912 3916 955 3984 θ’

386 4025 482 4089 ‘lnnov
502 4019 646 4099 ὗιιάξεται
669 4021 845 4110 ἀμφίλοφον
866 4022 953 4110 ζυγὸν

392 4122 507 4212 οὔρειόν
528 4127 560 4190 τ’
583 4127 705 4209 cidarim
726 4132 848 4212 ταῦρον.

159 4232 251 4298 bocas
282 4234 330 4296 hic
349 4236 454 4294 turbas
482 4235 550 4294 lecit
577 4234 777 4311 interpretibus
805 4243 923 4311 propter
953 4232 1080 4294 futurum
1109 4225 1221 4306 deciae
