2678 4816
330 391 847 477 rnroocrerae
1070 368 1209 459 1n-'

63 601 121 641 non
142 582 324 654 consequitur
346 575 382 641 ori
404 578 568 641 πείθεσθαι
589 601 703 657 semper
724 604 788 642 ease
804 605 863 643 non
887 586 965 658 poti.
1016 582 1136 660 Proprie

60 704 94 745 ac
114 685 284 759 plerumque
304 683 378 741 illud
398 683 545 760 sigrrificat'
559 706 619 742 non
638 683 771 764 obsequi,
800 708 859 745 non
887 685 998 747 cedere.
1051 687 1135 766 Quoue

59 785 233 862 aignilicatio
249 795 362 860 manet,
384 787 544 861 ubieunque
566 786 667 845 eadem
688 799 732 846 eat
750 808 870 862 persona
891 789 934 846 rei
955 799 985 848 et
1003 790 1135 866 subiecti,

60 873 136 948 sicut
156 897 255 949 nostro
276 888 306 945 in
325 889 407 960 loco,
439 889 491 946 ubi
518 909 555 947 ne
582 886 708 948 adhiberi
731 889 846 964 quidem
865 900 958 965 potest
978 912 1037 951 non
1054 896 1134 967 poti.

60 990 162 1070 Quum
183 991 258 1049 enim
279 991 342 1064 ipsc
364 990 433 1065 quid
452 992 559 1049 faciens
581 992 666 1050 alteri
686 1012 743 1050 non
764 991 844 1067 cedo,
867 992 923 1051 dici
943 1013 999 1052 non
1016 1015 1135 1068 possum

60 1092 137 1151 illud
155 1112 214 1151 noro
237 1095 316 1167 preti.
360 1090 418 1151 Ubi
437 1113 507 1152 vero
528 1094 571 1152 rei
590 1093 689 1152 eadem
708 1103 752 1152 eat
773 1114 905 1171 persona,
927 1115 998 1170 quae
1020 1098 1134 1173 obiecti,

59 1197 140 1253 notio
160 1215 220 1253 non
239 1193 415 1276 obsequendi
435 1197 465 1253 in
486 1196 608 1253 vicinam
628 1218 688 1254 non
704 1193 847 1271 potiundi
873 1200 1026 1270 revertit,
1049 1210 1082 1257 nt
1103 1201 1135 1259 in

60 1297 198 1371 exemplo
219 1294 387 1373 Hippolyti.
430 1294 504 1356 Nam
526 1298 575 1355 alii
596 1298 706 1373 aliquid
726 1299 834 1356 faotrno
854 1320 914 1357 non
939 1299 1053 1376 cedens,
1074 1322 1135 1361 non

54 1402 163 1477 pentor-
183 1419 249 1457 eorn
269 1399 299 1456 id
320 1399 424 1458 locere.
468 1395 563 1474 Vide,
586 1421 670 1475 quam
691 1401 748 1459 sint
770 1400 899 1460 diversae
919 1400 973 1461 hae
996 1403 1068 1463 dorae
1089 1405 1136 1463 lo-

60 1502 210 1576 cutiones,
241 1510 283 1561 ct}
299 1520 385 1575 quam
414 1503 551 1560 erraverit
571 1500 762 1560 Buttmaunua
792 1503 889 1561 ambas
910 1505 940 1562 io
960 1526 1046 1563 unam
1067 1527 1137 1564 ean·

31 1644 34 1649 -
61 1602 188 1677 deinque
209 1601 345 1661 conflans.
400 1601 501 1677 ltaque
521 1601 567 1662 laic
593 1603 707 1679 quidem
728 1598 764 1662 οὗ
787 1601 949 1664 πείθεσθαι
971 1610 1084 1682 propria
1104 1611 1135 1669 ri

59 1712 155 1775 §mat
169 1726 229 1765 non
249 1702 380 1765 cedendi.
427 1703 585 1784 Quaeritur
604 1706 641 1783 ad
663 1717 834 1782 extremum,
855 1708 923 1782 quid
944 1711 982 1768 ait
996 1705 1030 1770 τὸ
1046 1709 1135 1792 δρᾶν.

11 1776 35 1844 l
58 1790 123 1867 lain
143 1808 221 1865 euim
241 1828 309 1867 eum
329 1808 359 1865 iu
386 1804 481 1865 locum
510 1800 707 1882 pervenimus,
738 1811 819 1868 cuius
849 1811 1028 1884 potissimum
1052 1814 1136 1888 culpa

59 1909 200 1969 'accidisse
222 1907 294 1966 mihi
316 1909 443 1982 ridetur,
485 1918 518 1966 ut
544 1929 660 1968 rerarrm
688 1908 762 1969 lrunc
783 1932 932 1986 perperam
953 1913 1138 1974 diiudicarent

59 2011 148 2071 docti.
201 2009 325 2070 Fallitur
355 2013 430 2070 enim
460 2007 650 2086 Wunderua,
681 2013 706 2069 si
738 2012 875 2086 loquendi
904 2016 1136 2077 consuetudinem

60 2112 239 2173 Graecorum
257 2114 403 2188 postulare
424 2114 578 2188 existimat,
601 2112 634 2171 ui
652 2107 686 2171 τὸ
709 2110 787 2193 δρᾶν
808 2114 844 2174 de
866 2116 977 2192 singula
996 2119 1051 2176 iata
1066 2117 1137 2177 red·

59 2214 174 2278 ditione
202 2238 351 2275 monornem
381 2216 588 2291 intelligamus.
642 2213 729 2293 Quo'd
753 2238 813 2275 nou
843 2217 929 2277 modo
959 2240 1017 2277 non
1044 2224 1137 2295 poscit

20 2318 24 2327 '
60 2340 132 2381 uana
159 2318 314 2396 loquendi,
343 2317 395 2378 aed
422 2319 508 2377 etiarn
535 2318 708 2376 contraritnu
737 2316 785 2377 lric
815 2319 910 2378 locum
940 2319 1034 2380 habet.
1090 2318 1136 2383 To

62 2412 209 2507 dpt'ia'eat
229 2424 362 2507 foccre3
395 2421 487 2497 quod,
515 2430 599 2496 prout
627 2422 721 2479 verbis
743 2431 827 2495 atque
848 2426 1004 2483 sententiae
1026 2446 1138 2485 accom-

61 2526 204 2587 modatius
226 2536 287 2602 eat,
309 2527 356 2585 vel
374 2525 411 2584 ad
432 2523 572 2600 singulam
593 2524 731 2582 actionem
751 2524 875 2583 refertur
895 2527 944 2584 vel
965 2526 1001 2585 ad
1023 2529 1139 2586 univer·

62 2634 135 2689 aam'.
178 2626 280 2703 Neque
300 2627 417 2687 articulo
443 2625 497 2685 hac
517 2628 547 2684 ia
568 2647 600 2685 rc
622 2626 775 2702 quidquam
796 2627 929 2687 efficitur.
982 2626 1055 2688 Nam
1082 2631 1138 2689 ite·

10 2776 12 2787 .
61 2742 148 2807 rum‚'
174 2741 261 2805 prout
288 2731 423 2789 orationis
444 2730 627 2804 perpetuitati
656 2730 787 2788 convenit
793 2775 802 2804 ,
821 2724 855 2790 τὸ
888 2727 966 2809 δρᾶν
993 2731 1040 2790 vel
1061 2742 1140 2791 certa

61 2832 183 2909 *galo
200 2836 277 2893 actio
299 2843 355 2907 eat‚·
375 2833 425 2891 vel
447 2842 533 2907 certa.
544 2835 620 2891 cetto
641 2835 674 2888 in
693 2836 858 2890 univercum
873 2831 948 2905 Idne
962 2831 1137 2906 Heracleat

10 2928 19 3069 t
64 2912 175 3011 Μὰ
195 2934 332 2993 articulus
353 2952 532 3008 nequaquam
551 2934 735 3007 decerneret,
765 2944 861 2992 utrum
882 2929 936 3013 τὴν
959 2932 1067 3013 dodon
1083 2958 1140 3010 pe·

10 3036 33 3113 ,²¹
65 3020 188 3097 colica&
208 3036 311 3117 aliquo
332 3040 408 3095 notio
430 3046 522 3110 earet,
544 3042 579 3093 au
601 3039 738 3094 universo
759 3039 858 3109 ucti05
880 3036 932 3094 oed
953 3037 1014 3094 sola
1035 3057 1052 3095 a
1072 3057 1140 3095 con·

10 3116 22 3212 l
67 3134 221 3199 tinulnione
248 3140 388 3198 aennonis
417 3137 489 3196 illud
509 3138 654 3212 penderet.
705 3135 870 3211 Pariterque
898 3137 929 3193 iu
958 3137 1139 3210 praecedenti

71 3250 152 3301 tucn
172 3251 251 3301 totns
270 3258 371 3301 sensus
392 3240 506 3299 demum
527 3239 627 3297 edocet
648 3233 702 3309 'etv
723 3239 766 3319 τῷ
790 3234 896 3319 dranlqr
917 3259 973 3295 noo
995 3254 1059 3296 ease
1078 3241 1140 3297 oiri·

71 3342 165 3417 ulam
177 3344 253 3426 fua,
274 3342 327 3403 aed
338 3346 513 3401 ortioeronm.
558 3337 686 3398 Omnino
708 3351 824 3414 constat,
847 3350 982 3415 quautrnn
1003 3341 1140 3399 artiorrluo

75 3446 219 3521 puedpne
239 3444 277 3503 ad
297 3454 387 3504 totum
408 3443 526 3518 aliquod
545 3462 636 3518 genus
657 3442 872 3516 exprimendum
888 3442 991 3502 valeat.
1037 3441 1141 3516 Atque

76 3524 116 3603 in·
132 3548 163 3607 in
189 3556 288 3607 uoatro
317 3546 381 3603 loco
403 3539 438 3603 τὸ
458 3543 535 3622 ‹l'poin
556 3564 611 3602 uon
630 3545 776 3620 singulum
795 3546 920 3619 sactrrm,
950 3552 982 3601 ut
1002 3543 1140 3602 redditio·

79 3644 145 3705 am*
159 3654 325 3723 omnum,
353 3645 511 3722 significat,
541 3646 592 3705 sed
620 3646 650 3704 in
680 3648 843 3705 universum
863 3649 1003 3704 acriorum
1022 3666 1074 3704 seu
1091 3666 1142 3704 reo

10 3768 14 3793 ¹
79 3748 479 3824 truann52‘Nmptoleurrrs,
500 3757 534 3805 ut
553 3749 582 3806 io
603 3749 700 3823 priore
720 3764 824 3822 veron,
845 3748 888 3806 aic
907 3751 937 3805 in
958 3749 1048 3807 altero
1069 3769 1141 3823 quo-

10 3860 18 3895 ¹
81 3868 126 3921 que
143 3854 277 3911 univerae
297 3851 436 3925 loquitur,
459 3850 554 3909 dieena
572 3868 604 3908 oe
622 3870 715 3928 aequor
733 3848 848 3926 Ulyerie
868 3851 899 3906 oi
919 3848 1020 3908 cedere
1040 3852 1074 3907 io
1093 3868 1141 3908 re·

10 3966 22 4000 i·
83 3946 124 4011 loo
141 3968 161 4013 o
180 3974 212 4013 aa
229 3952 387 4028 gerendis,
418 3955 457 4011 ita
478 3962 511 4010 ut
531 3960 608 4011 totua
627 3971 727 4010 versus
748 3950 825 4010 idem
846 3952 885 4010 ait
911 3970 943 4009 ac
964 3953 990 4010 si
1011 3952 1142 4025 aoripaia·

84 4062 119 4117 Hi
135 4050 311 4132 Sophocleat
342 4049 416 4115 ἀλλ’
448 4048 521 4114 οὐδέ
547 4072 595 4112 τοι
623 4053 663 4133 σῇ
688 4050 767 4134 χειρὶ
790 4044 953 4133 ἐφαρμόζω
981 4047 1038 4123 τὰς
1062 4046 1140 4128 ἐμὰς

10 4168 29 4206 1⁸
86 4149 200 4233 δράσεις.
880 4160 884 4165 ’

153 4258 292 4339 Supereat
319 4258 438 4319 altimus
466 4256 562 4335 hun,
594 4256 644 4334 qui
670 4265 801 4318 vertatur
826 4256 858 4317 ln
887 4270 989 4319 nerant
1011 4255 1140 4323 exordio.
