2678 4816
437 1025 756 1105 Cnevul.

272 1216 929 1312 ANTIGONA.

500 1425 702 1439 -—-—

559 1573 587 1650 ς.
611 1579 640 1635 ι.

60 1711 124 1802 Ab
145 1742 229 1801 initio
249 1737 413 1818 Antigonae
433 1739 505 1802 haee
525 1742 675 1818 leguntur:

174 1831 218 1903 Ὦ
238 1839 339 1904 καινὸν
361 1837 552 1925 αὐτάδελφον
571 1838 710 1924 Ἰσμήνης
729 1836 820 1926 κάρα,

184 1933 238 2026 ἆρ’
262 1937 350 2005 οἶσθ’
376 1939 439 2006 ὅτι
460 1940 540 2017 Ζεὺς
560 1948 621 2006 τῶν
642 1942 700 2007 ἀπ’
725 1946 853 2008 Οἰδίπου
874 1947 977 2009 κακῶν

183 2038 287 2107 iunior
309 2041 375 2124 origi
396 2047 455 2129 νῷν
476 2042 518 2108 ἴτε
542 2041 652 2122 ζώσαιν
673 2051 754 2110 τελεῖ
755 2075 766 2127 ‚-

57 2147 179 2224 anlex
208 2147 263 2209 hoc
291 2150 355 2209 loeo
376 2152 503 2209 virenon
524 2150 671 2210 doctorum
689 2153 826 2211 sementia
848 2160 907 2227 est,
934 2151 1074 2227 alionum,
1102 2152 1135 2210 in

57 2253 159 2326 primis
180 2248 323 2328 Seidleri‚
354 2255 498 2327 antiquam
526 2253 654 2313 codicum
674 2256 843 2328 scripturam
863 2245 879 2312 ὃ
899 2274 927 2312 τι
949 2255 1133 2328 servantium,

58 2353 201 2430 aliomm,
231 2355 279 2429 qui
308 2374 372 2413 oum
392 2352 556 2414 Hermanno
578 2348 623 2414 ὅτι
645 2356 675 2414 in
695 2375 781 2414 ornam
799 2375 898 2414 vocem
917 2354 1068 2413 conflemm
1089 2355 1135 2413 lo·

60 2465 141 2532 gunt.
183 2452 231 2514 Ac
245 2457 323 2530 prior
336 2455 450 2530 quidem
464 2453 506 2515 V.
516 2453 579 2516 cet.
593 2479 677 2533 pram
690 2458 747 2517 loci
763 2458 979 2533 explicationem
994 2454 1133 2533 exhibuit,

60 2573 95 2615 eo
115 2554 301 2633 Hermanno,
329 2558 398 2616 licet
419 2549 464 2617 iu
486 2579 542 2618 uon
563 2562 749 2636 improbmti,
777 2561 845 2619 satie
864 2561 925 2619 viae
954 2569 997 2617 eet
1018 2558 1055 2617 od
1083 2558 1134 2618 de·

59 2657 234 2718 fendeudum
256 2651 273 2718 i
294 2681 322 2719 τι
343 2662 373 2718 in
390 2661 453 2719 loeo
469 2657 642 2737 Antigonae.
695 2661 795 2736 Itatpue
815 2663 845 2718 iu
865 2661 1011 2735 plerisque
1030 2660 1134 2720 editio·

60 2762 143 2819 nibus
163 2761 279 2837 uulgata
298 2764 427 2821 restituta
449 2773 502 2822 eat.
546 2760 645 2822 Vertit
661 2775 753 2823 autem
771 2756 951 2822 Seidlenmii
972 2784 1000 2822 τε
1018 2753 1132 2839 iunior,

60 2860 207 2942 quodnam
230 2897 269 2908 -—
292 2866 375 2922 ouius
392 2867 508 2938 gennis
528 2865 655 2942 molum,
677 2866 784 2941 dicens,
805 2866 852 2923 ubi
874 2886 938 2924 cum
958 2868 987 2923 ui
1010 2865 1133 2940 predam
1216 2896 1219 2901 ¹

60 2966 270 3041 interrogetur,
300 2962 425 3025 Graecos
451 2987 508 3025 non
533 2989 598 3027 raro
627 2979 656 3026 et
684 2970 808 3027 inrecta
829 2976 859 3026 et
879 2969 910 3025 in
931 2967 1047 3042 obliqua
1067 2988 1134 3026 ora·

60 3069 138 3125 tione
166 3068 247 3125 binas
273 3088 379 3141 ponere
406 3085 491 3128 voces
517 3070 732 3146 interrogativae
760 3071 822 3128 aine
853 3070 964 3142 copula.
1014 3066 1048 3126 In
1075 3089 1132 3144 qum

61 3170 185 3243 primum
211 3171 303 3242 ipsam
324 3168 393 3229 Viri
422 3171 605 3230 eruditissimi
634 3173 892 3246 interpretationem
918 3171 1066 3229 nonsatis
1087 3191 1134 3228 ac-

62 3280 185 3329 curatam
207 3291 272 3330 ease
292 3283 373 3346 puto.
424 3272 504 3352 Quid
532 3277 607 3332 enim
634 3274 746 3332 facilius
774 3283 867 3348 potest
888 3293 921 3331 eo
941 3274 1048 3330 maiore
1070 3273 1132 3330 iure

62 3373 162 3431 subiici
190 3371 235 3431 his
262 3375 373 3448 verbio,
401 3377 511 3447 scisne,
542 3374 688 3454 quodnam
711 3407 747 3417 -
772 3378 855 3434 cuiue
879 3377 997 3448 generis
1023 3373 1133 3432 mulum

62 3473 178 3550 [repiter
207 3496 267 3534 uon
295 3473 378 3534 nodio
405 3474 564 3535 viventibus
590 3480 740 3552 immittat,
770 3498 855 3551 quarn
877 3485 989 3549 exstare
1011 3474 1132 3548 aliquod

62 3578 183 3652 malum,
205 3578 255 3635 aba
279 3597 336 3652 quo
359 3580 417 3635 vita
438 3575 601 3654 Antigonae
623 3589 651 3637 et
673 3576 802 3636 lsmenae
825 3579 957 3636 immunia
980 3580 1133 3635 servetur?

63 3672 144 3736 Certe
164 3680 304 3737 sententio
332 3680 385 3737 iata
406 3678 491 3738 valde
513 3680 644 3756 arnbiguo
663 3690 707 3738 est
727 3701 759 3738 ac
780 3701 880 3753 penum
901 3679 1060 3753 perspicua,
1081 3699 1132 3736 ne-

64 3800 115 3853 que
145 3782 235 3838 etiam
261 3782 356 3840 verbio
385 3784 487 3855 poitee
508 3781 733 3857 accommodata,
763 3781 904 3855 siquidem
934 3778 1004 3836 haec
1024 3781 1065 3837 ita
1086 3800 1133 3838 co-

63 3877 194 3942 haerent:
227 3868 281 3962 ἆρ’
314 3875 408 3942 οἶσθα
436 3884 497 3942 τῶν
526 3878 582 3941 ἀπ’
610 3880 737 3941 Οἰδίπου
766 3882 866 3940 κακῶν
898 3875 1014 3952 [κακὸν]
1026 3927 1034 3954 ,
1065 3874 1132 3940 ὅτι

65 3972 166 4042 ὅπαῖον
187 3977 268 4053 Ζεὺς
289 3979 355 4060 οὐχὶ
377 3983 437 4066 νῷν
455 3977 498 4042 ἔτι
520 3977 631 4057 ζώσαιν
652 3986 732 4044 τελεῖ
735 4008 746 4058 3
778 3981 807 4041 h.
831 4002 858 4040 e.
880 3983 990 4040 nullum
1008 3994 1052 4041 eat
1073 4002 1133 4040 ma-

65 4083 140 4160 lum,
164 4087 235 4160 quain
257 4083 366 4160 Iupiter
393 4088 479 4144 etiam
499 4087 656 4145 viventibus
685 4087 766 4144 nobis
795 4085 936 4142 immittet.
989 4082 1133 4145 Gonoessa

65 4186 150 4262 igitur
169 4186 277 4264 duplici
296 4189 350 4248 iata
371 4190 606 4265 interrogatione,
627 4198 721 4246 tamen
741 4185 788 4245 hio
808 4205 908 4246 sertam
930 4195 958 4244 et
978 4187 1082 4243 rectior
1102 4192 1131 4242 et

764 4285 912 4383 ..l
1132 4276 1150 4304 ο
