2676 4806
493 716 842 850 cumn·

310 993 1028 1089 PHILOCTETES·

621 1353 715 1430 §.aa

134 1481 187 1571 V.
199 1514 241 1571 72
259 1527 323 1585 sqq.
352 1504 477 1584 Ulysses
496 1507 578 1565 timet
598 1526 662 1565 cnm
679 1503 836 1566 Philocteta
854 1504 1003 1582 congredi3
1024 1505 1126 1580 itaque
1144 1502 1203 1565 Nc·

133 1613 275 1687 optolemo
295 1609 463 1686 persuadet,
492 1618 524 1667 ut
543 1629 609 1668 eam
630 1606 729 1684 adeat,
750 1606 802 1667 has
820 1619 878 1668 tres
896 1617 1066 1685 praetexens
1089 1626 1202 1683 causas,

134 1732 186 1772 cur
206 1714 269 1787 ipse
289 1713 351 1772 sine
371 1711 496 1786 periculo
519 1709 599 1769 adire
620 1711 727 1784 possit:

310 1808 348 1873 sd
369 1808 425 1888 μὲν
447 1808 613 1882 πέπλευκας
634 1804 702 1870 οὔτ’
725 1802 847 1890 ἔνορκος
866 1804 973 1886 odderl,

313 1907 381 1975 οὔτ’
405 1911 437 1984 t}
458 1907 606 1993 ἀνάγιης,
630 1904 697 1971 oica
717 1911 772 1971 τοῦ
792 1904 913 1990 πρώτου
934 1902 1065 1972 στόλου·
1120 1958 1122 1964 .

78 2086 82 2093 ,
310 2012 377 2092 ἐμοὶ
399 2011 433 2074 δὲ
453 2006 568 2075 τούτων
590 2008 677 2073 οὐδέν
697 2007 763 2074 ἐστ’
787 2006 964 2091 ἀρνήσιμον.
999 2090 1004 2101 .

48 2120 113 2235 θ’,
131 2117 312 2182 Hennannus
339 2118 471 2177 observat
498 2114 573 2174 illad
601 2107 669 2175 οὔτ’
693 2113 725 2186 ἐξ
754 2107 887 2192 ἀνάγκης
904 2112 978 2172 nihil
997 2117 1144 2190 pertinere
1162 2117 1215 2177 ad·

48 2234 58 2267 ·³
74 2222 103 2287 .“’
131 2218 280 2299 Ulyssem,
310 2219 361 2279 sed
388 2220 499 2278 nonnisi
520 2220 639 2294 primam
660 2225 689 2276 ct
709 2218 820 2276 tertiam
842 2214 943 2274 harum
966 2236 1071 2277 rerum.
1123 2216 1197 2279 Nem

80 2313 84 2321 ’
131 2324 182 2398 qai
202 2320 383 2380 iureiurando
405 2322 555 2380 obstrictus
582 2329 674 2391 esset,
705 2337 770 2377 eum
797 2332 854 2376 non
873 2320 967 2376 risam
987 2321 1023 2377 iri
1052 2317 1198 2380 Philocte-

129 2434 177 2482 'tae
197 2425 227 2482 in
247 2425 366 2498 patriam
382 2422 486 2494 redire,
508 2442 541 2480 re
561 2421 685 2480 nondum
707 2420 849 2494 conlecta3
872 2421 921 2493 qai
942 2431 1035 2479 autem
1054 2423 1086 2479 in
1103 2425 1196 2497 prime

128 2526 307 2602 navigatione
328 2525 444 2596 suisset,
465 2524 495 2581 in
517 2543 571 2597 qne
592 2524 739 2597 expositus
760 2530 803 2580 est
823 2519 1012 2595 Philoctetes,
1042 2538 1196 2582 enm'non

129 2646 215 2704 posse
236 2627 271 2684 ab
293 2625 344 2683 illo
365 2644 421 2682 non
441 2622 552 2682 hostem
572 2623 703 2684 iudicari.
754 2621 837 2701 erae
857 2632 921 2681 sunt
942 2644 994 2698 per
1015 2643 1048 2682 se
1067 2628 1196 2684 rectissi-¹
1225 2642 1227 2649 ’

130 2747 188 2786 me.
199 2708 204 2715 ¹
217 2725 265 2786 At
278 2727 382 2783 mimm
395 2724 491 2785 hercle
507 2735 593 2798 esset,
610 2725 636 2783 sl
650 2722 773 2802 Ulysses
787 2745 922 2799 expresse
937 2725 1058 2785 dixisset
1071 2728 1193 2787 istorum

129 2830 216 2890 trium
237 2826 311 2886 nihil
328 2847 384 2886 noa
404 2829 436 2886 in
456 2847 488 2888 se
509 2827 625 2903 cadere,
652 2836 681 2886 et
702 2839 795 2887 tomen
815 2847 871 2886 non
892 2825 1006 2886 caderet
1023 2831 1192 2891 secundum.

128 2927 216 2988 Esset
236 2925 291 2987 hoc
310 2948 442 3006 germane
462 2928 575 3002 falsum,
598 2930 677 2988 caius
698 2939 792 2988 tomen
813 2931 844 2987 in
864 2919 1035 3002 Sophoclem
1054 2932 1106 2990 vix
1127 2953 1193 2991 coo-

128 3030 276 3093 ferendam
297 3032 403 3090 crimen
430 3041 483 3092 est.
535 3030 633 3110 erare
657 3033 698 3090 sic
727 3031 865 3107 arbitror,
892 3034 1005 3106 politam
1030 3041 1080 3089 ant
1110 3032 1193 3094 aliter

128 3135 287 3210 scripsisse,
309 3143 358 3192 aut
374 3154 472 3194 venam
490 3153 573 3209 esse,
595 3132 670 3209 quod
691 3132 814 3207 scripsit,
836 3142 865 3192 ct
885 3132 984 3192 cedere
1005 3133 1036 3190 in
1053 3130 1191 3212 Ulyssem

128 3237 183 3296 trie
205 3238 308 3297 omnia.
352 3233 473 3310 Scripsit
493 3245 606 3310 autem,
627 3237 668 3295 uti
688 3235 844 3308 habemns,
865 3234 1005 3310 siquidem
1025 3236 1109 3297 libris
1131 3258 1193 3298 cre-

127 3336 251 3397 dendum
271 3346 325 3396 est.
368 3336 445 3414 Ergo
467 3345 570 3410 restat,
592 3347 624 3395 ut
643 3341 728 3396 etiam
747 3337 896 3396 secundom
913 3336 995 3396 illam
1015 3358 1076 3398 rem
1087 3337 1192 3418 Ulyssi

126 3439 380 3499 accommodemus.
433 3438 519 3517 Quod
547 3436 618 3497 mihi
644 3460 758 3515 semper
781 3441 876 3499 visam
896 3448 940 3498 est
960 3459 1023 3498 esse
1042 3443 1190 3515 perfacile.

125 3537 236 3617 Nempe
258 3551 382 3617 constat,
411 3519 648 3620 Agamemnone,
668 3539 802 3601 Menelao
828 3551 856 3600 et
880 3539 1032 3600 Palamede
1062 3539 1191 3604 Ithacam

126 3645 272 3720 prosectis,
292 3653 325 3703 at
334 3641 473 3720 Ulyssem
493 3642 528 3702 ed
549 3643 656 3702 bellam
675 3642 831 3704 Troianum
851 3643 1031 3720 abducerent,
1050 3643 1136 3723 hunc,
1157 3657 1192 3706 ut

126 3746 333 3821 subterfirgeret
350 3744 475 3821 bellam,
504 3755 598 3806 mente
626 3765 658 3805 se
679 3756 789 3820 captam
817 3747 1012 3821 simulavisse,
1043 3758 1090 3823 at,
1121 3770 1192 3812 mox

26 3884 31 3893 ·
126 3845 234 3906 detecta
254 3867 306 3921 per
326 3845 506 3907 Palamedem
532 3848 648 3922 stearde,
676 3850 801 3907 cotictum
822 3842 926 3921 saissa,
959 3857 991 3905 at
1010 3862 1192 3922 sequeretur.

115 3946 215 4008 Anne
233 3947 288 4007 hoc
306 3952 389 4024 poeta
411 3949 593 4026 significavit,
627 3971 714 4025 qrrarm
741 3950 814 4009 dixit
829 3946 966 4026 Ulyssem
996 3947 1028 4020 ἔξ
1056 3945 1192 4031 ἀνάγκης

125 4048 243 4111 Troiam
261 4053 458 4128 mvigavissel
481 4040 568 4113 Gerte
587 4050 668 4122 eti}
690 4043 988 4131 dvdpntpcmsaifesto
1005 4061 1049 4111 est
1061 4057 1190 4128 colicam,

124 4164 154 4213 et
174 4175 245 4214 vero
266 4156 352 4214 etiam
373 4176 420 4215 ras
439 4157 495 4217 ista
514 4158 578 4215 iare
603 4156 695 4230 potuit
722 4174 788 4214 esse
809 4155 840 4215 in
868 4173 970 4229 cesse,
999 4175 1049 4213 cnr
1067 4153 1192 4234 Ulysses

124 4277 189 4318 cnm
202 4255 361 4321 Philoctete
372 4262 449 4321 coire
463 4259 564 4322 nella.
597 4256 672 4320 Nom
684 4278 778 4335 neque
790 4259 840 4335 qui
854 4256 963 4319 invitam
974 4267 1059 4334 atque
1073 4261 1192 4319 coimus
