2678 4816
194 368 240 438 ra
584 317 900 432 carnum.

196 571 260 638 est,
282 582 339 636 ae,
361 560 437 638 quod
457 569 501 620 est
521 568 660 634 nostrum,
682 561 784 635 poetae
806 563 982 636 tribuamus,
1002 549 1077 623 nere'
1095 563 1131 623 ad
1152 564 1270 624 modum

194 664 280 737 illum
308 663 386 722 lacos
416 683 469 737 per
490 652 639 721 ἀσύνδετα
661 663 821 737 explicandi
852 664 1009 740 fugiamus,
1048 666 1181 740 quamdiu
1210 668 1269 726 alia

196 764 369 823 commodior
388 767 435 824 ria
456 773 568 839 praesto
589 773 643 822 est.
686 761 776 839 Apud
798 761 971 840 Sophoclem
995 769 1145 843 praecipue
1166 767 1270 829 hanun

196 867 311 940 quidem
333 862 505 927 ἅσονδέτων
525 868 674 925 rarissima
692 867 824 941 exempla
845 876 928 942 suut,
956 869 1006 927 vix
1038 878 1069 927 ut
1096 868 1151 928 hoc
1180 890 1271 928 unum

139 952 143 958 ’
195 978 225 1027 et
245 971 356 1045 insigne
377 978 406 1027 et
435 971 463 1027 in
493 990 548 1043 quo
570 970 672 1028 acriter
700 989 798 1028 omnes
826 980 1026 1047 perseverant,
1053 973 1214 1031 inveniatur
1239 974 1272 1030 in

196 1069 407 1145 elegantissima
427 1071 480 1129 illa
507 1067 672 1154 μονολογίρ
697 1066 798 1130 Aiacis
828 1092 857 1131 τ.
881 1077 1038 1149 826sqq.,
1061 1075 1112 1132 ubi
1140 1070 1222 1134 Aiax
1252 1095 1271 1133 a

194 1169 291 1232 Furiis
311 1174 380 1233 talia
401 1183 533 1247 precatur
552 1170 683 1231 Atridis:

375 1271 430 1333 καί
448 1295 530 1354 σφας
551 1269 664 1345 κακοὺς
683 1267 812 1336 κάκιστα
832 1274 883 1335 καὶ
911 1272 1130 1360 πανωλέθρους

372 1369 605 1456 ’ξυναρπάοεταν,
627 1369 723 1458 ὥςπερ
745 1373 886 1457 εἷςορῶσ’
910 1375 963 1456 ἐμὲ

374 1474 553 1557 αὐτοσφαγῆ
575 1475 737 1553 πίπτοντα,
759 1474 821 1550 soie
840 1474 1041 1560 αὐτοσφαγεΐς
1132 1536 1135 1541 ,

375 1574 451 1658 πρὸς
472 1577 533 1638 τῶν
557 1575 702 1660 (paliarum
722 1575 852 1660 ἐκγόνων
873 1577 1004 1643 ὀλοίατο.

280 1680 346 1743 Non
365 1683 497 1758 indignus
518 1680 565 1740 hie
584 1684 665 1741 lactus
685 1692 748 1758 est,
778 1686 808 1742 in
838 1705 893 1758 quo
924 1686 1135 1760 acquiescamus
1165 1686 1271 1761 paulu-

195 1785 268 1844 lum.
310 1783 360 1843 Ac
380 1785 471 1859 prima
493 1784 609 1858 quidem
631 1784 667 1843 de
689 1779 843 1868 dovvde'up
866 1789 994 1861 quaestio
1010 1798 1064 1847 est.
1108 1785 1195 1866 Quod
1213 1790 1270 1848 etsi

195 1909 253 1947 non
272 1908 346 1964 nego
368 1887 464 1945 locum
484 1884 590 1946 habere
610 1907 706 1962 passe,
729 1898 822 1947 tamen
843 1891 928 1948 etiam
942 1888 1059 1949 hicnon
1074 1910 1138 1949 esse
1153 1890 1270 1950 dubium

196 2000 287 2066 puto,
316 1991 384 2064 quin
412 1990 512 2063 copula
541 2000 605 2048 ante
636 1982 732 2068 ὥςπερ
758 1992 865 2050 inserta
894 1991 1018 2050 facilitas
1046 1993 1183 2050 orationis
1210 2011 1270 2050 non

99 2086 104 2095 ’
194 2093 312 2168 paulum
332 2093 508 2166 lucraretnr3
542 2112 634 2165 neque
655 2093 769 2151 absistit
790 2093 943 2168 quidquam
966 2094 1084 2169 copulae
1103 2095 1158 2151 nisi
1178 2094 1271 2152 libro·

196 2216 261 2255 rum
275 2196 407 2270 ‚omittam
427 2195 458 2252 in
478 2194 542 2251 solo
564 2186 659 2269 ὥςπερ
683 2215 846 2253 cormaricus.
890 2192 965 2255 Nam
989 2194 1066 2269 qaod
1086 2193 1269 2255 Hermanuus

195 2319 326 2375 magnam
344 2297 522 2372 divinamque
536 2297 594 2355 vim
616 2298 710 2356 inesse
724 2300 754 2354 in
774 2300 887 2373 gemina
908 2296 993 2356 hrains
1008 2296 1067 2355 loci
1083 2296 1202 2371 apodosi
1218 2298 1271 2355 ob·

198 2410 305 2462 servat:
327 2409 422 2457 manet
441 2401 484 2456 vis
505 2399 557 2456 illa
578 2400 662 2456 etiam
683 2401 833 2459 interserta
846 2399 960 2475 copula,
982 2399 1048 2473 qnia
1064 2400 1270 2458 exsecrationis

196 2504 349 2580 geminatio
370 2511 483 2574 manet,
516 2510 546 2559 et
574 2501 649 2576 quod
675 2501 706 2557 in
732 2497 786 2558 hac
814 2499 876 2559 sola
894 2503 939 2560 ris
959 2501 1011 2558 illa
1032 2503 1087 2559 sita
1107 2510 1162 2576 est,
1182 2521 1270 2576 (ςιιαιιι
1328 2550 1331 2554 Α

197 2607 236 2664 ita
257 2605 389 2663 formavit
408 2606 511 2677 poeta,
541 2611 574 2659 ut
603 2601 711 2676 duplex
740 2600 871 2675 apodosis
893 2602 1052 2663 exsisteret.
1094 2600 1160 2662 Jam
1180 2622 1270 2678 quum

197 2706 312 2766 accedat
333 2709 453 2765 istorum
474 2699 645 2763 dovvds'rom
665 2713 744 2761 tanta
763 2704 838 2778 aprrd
860 2701 1033 2779 Sophoclem
1062 2706 1207 2782 paucitas,
1236 2714 1270 2764 nt

197 2812 248 2870 vix
267 2830 356 2867 raucam
387 2817 534 2883 praeterea
561 2807 739 2880 inveniatur,
766 2807 849 2865 valde
874 2827 1033 2882 propensus
1060 2827 1123 2866 snm
1152 2828 1207 2884 eo,
1235 2817 1270 2866 ut

197 2913 373 2969 coniecturae
403 2907 450 2968 hic
478 2928 542 2968 csse
567 2909 660 2966 locmn
689 2910 860 2968 existimem.
902 2907 1013 2970 Forsan
1043 2911 1155 2984 scripsit
1181 2912 1268 2984 poeta

198 3007 248 3084 ὥς
269 3007 303 3071 τ’
328 3006 392 3089 ἄρ’
415 3004 554 3092 εἶςορῶσ’
578 3006 629 3087 ἐμὲ
651 3031 701 3086 pro
721 3003 828 3092 ὥςπερ.
872 3008 991 3086 Altera,
1011 3032 1096 3086 (pram
1116 3012 1269 3088 subimrgo,

198 3116 325 3192 quaestio
344 3113 414 3173 haec
433 3123 491 3186 est,
513 3124 607 3171 unium
628 3115 713 3187 polita
735 3134 779 3189 ea,
802 3133 873 3188 quae
894 3124 1059 3172 exsecratur
1077 3110 1174 3189 Aiax,
1195 3116 1270 3172 vati-

198 3219 344 3277 cinationis
373 3217 437 3275 loco
458 3215 613 3274 irrdrrxerit.
657 3213 739 3294 Quae
768 3236 837 3275 vere
864 3235 901 3274 ne
922 3225 966 3274 est
986 3216 1100 3290 quidem
1120 3217 1267 3290 quaestioe

196 3322 301 3378 mirum
322 3321 398 3378 enim
426 3318 644 3393 praedictionem
673 3310 843 3392 quemquam
871 3319 994 3393 cog-itare
1024 3318 1166 3392 potuisse,
1195 3337 1269 3392 quiae

198 3425 295 3482 statim
325 3431 354 3481 et
379 3423 473 3481 verbis
500 3430 528 3479 et
546 3421 630 3478 rebus
657 3421 760 3494 poetae
787 3418 940 3477 refellitur.
983 3415 1085 3478 Posset
1111 3417 1165 3478 hoc
1192 3419 1267 3495 loco,

197 3535 331 3600 qnantum
354 3526 385 3582 in
405 3524 500 3582 verbis
521 3531 581 3596 est,
609 3521 644 3581 de
665 3521 859 3596 praedictione
888 3521 1022 3596 cogitari,
1052 3523 1078 3580 si
1103 3520 1172 3595 quid
1201 3540 1269 3581 eve·
1317 3520 1323 3531 '

196 3630 286 3687 inisset
315 3637 413 3701 postea
433 3625 517 3698 lalana
545 3627 602 3696 ita,
634 3627 677 3683 uti
705 3623 880 3699 praedictum
907 3632 977 3682 erat.
1019 3620 1162 3697 Loquitur
1183 3621 1268 3684 Aiax

197 3729 233 3788 de
260 3727 388 3789 Atridis:
417 3748 535 3801 qnonnn
556 3724 804 3802 Agamemnonem
833 3735 940 3784 constat
969 3726 1004 3783 ab
1032 3745 1128 3784 uxore
1151 3725 1290 3784 interfe:

197 3840 273 3888 mam
294 3849 369 3903 esse,
387 3826 549 3902 Menelaus,
571 3838 707 3902 qnantum
728 3829 844 3901 scimus,
866 3847 917 3886 sura
936 3836 1026 3885 morte
1049 3825 1197 3886 defunctus
1210 3837 1266 3887 est.

196 3929 290 4006 Atqui
306 3931 374 3990 dicit
384 3927 479 3989 Aiax:
504 3923 704 4010 αὖτοσφαγεῖς
717 3923 794 4010 πρὸς
805 3928 866 3988 τῶν
880 3925 1025 4009 pillosam
1039 3921 1168 4006 ἐκγόνων
1186 3921 1268 3988 itot-

197 4054 273 4109 ατο,·
295 4032 373 4108 quod
386 4052 480 4108 neque
500 4032 530 4089 in
551 4029 806 4107 Agamernnonem‚
828 4049 921 4104 neque
941 4031 971 4087 in
990 4026 1158 4088 Menelaum
1178 4029 1266 4092 cadit.
1317 4056 1333 4085 .¹

197 4131 278 4192 Scire
299 4137 387 4210 igitur
406 4136 514 4208 velim,
543 4133 678 4207 quidnam
705 4134 735 4190 in
760 4129 808 4191 his
835 4133 930 4191 verbis
956 4131 1156 4205 praedictionis
1185 4133 1291 4191 insit.¹

196 4233 309 4299 Verum
330 4235 527 4314 estquidam,
555 4235 631 4311 quod
649 4233 832 4297 Hermarmus
857 4233 995 4312 ostendit,
1024 4233 1149 4295 Aiacem
1173 4234 1277 4294 nomi-¹
